%% This BibTeX bibliography file was created using BibDesk.
%% http://bibdesk.sourceforge.net/

%% Created for Di Wang at 2018-02-02 09:46:54 -0500 


%% Saved with string encoding Unicode (UTF-8) 


@string{acl = {"Assoc.\ for Comp.\ Linguistics"}}

@string{cav = {"Computer Aided Verif."}}

@string{cc = {"Comp.\ Construct."}}

@string{csf = {"Comp.\ Security Found."}}

@string{entcs = {"Electr.\ Notes Theor.\ Comp.\ Sci."}}

@string{esop = {"European Symp.\ on Programming"}}

@string{fcs = {"Found.\ of Comp.\ Sci."}}

@string{fmcad = {"Formal Methods in Computer-Aided Design"}}

@string{fmsd = {"Formal Methods in System Design"}}

@string{fse = {"Found.\ of Softw.\ Eng."}}

@string{icalp = {"Int.\ Colloq.\ on Automata, Langs., and Programming"}}

@string{icfp = {"Int.\ Conf.\ on Functional Programming"}}

@string{ijcai = {"Int.\ Joint Conf.\ on Artif. Intelligence"}}

@string{jacm = {"J.\ ACM"}}

@string{jcss = {"J.\ Comput.\ Syst.\ Sci."}}

@string{jlc = {"J.\ Log.\ and Comp."}}

@string{lics = {"Logic in Computer Science"}}

@string{nips = {"Neural Info.\ Processing Syst."}}

@string{pldi = {"Prog.\ Lang.\ Design and Impl."}}

@string{popl = {"Princ.\ of Prog.\ Lang."}}

@string{qest = {"Quantitative Eval.\ of Syst."}}

@string{sas = {"Static Analysis Symp."}}

@string{stacs = {"Symp.\ on Theor.\ Aspects of Comp.\ Sci."}}

@string{tacas = {"Tools and Algs.\ for the Construct.\ and Anal.\ of Syst."}}

@string{tcs = {"Theor.\ Comp.\ Sci."}}

@string{vmcai = {"Verif., Model Checking, and Abs.\ Interp."}}


@article{kn:Ghahramani2015,
	Author = {Ghahramani, Z.},
	Date-Added = {2018-02-02 14:44:54 +0000},
	Date-Modified = {2018-02-02 14:46:01 +0000},
	Journal = {Nature},
	Title = {Probabilistic machine learning and artificial intelligence},
	Year = {2015}}

@inproceedings{POPL:BGB09,
	Author = {Barthe, G. and Gr{\'e}goire, B. and Zanella B{\'e}guelin, S.},
	Booktitle = popl,
	Date-Added = {2018-02-02 14:42:54 +0000},
	Date-Modified = {2018-02-02 14:43:58 +0000},
	Title = {Formal Certification of Code-based Cryptographic Proofs},
	Year = {2009}}

@misc{misc:BEG16,
	Author = {Barthe, G. and Espitau, T. and Gaboardi, M. and Gr{\'e}goire, B. and Hsu, J. and Strub, P.-Y.},
	Date-Added = {2018-02-02 14:38:08 +0000},
	Date-Modified = {2018-02-02 14:46:44 +0000},
	Howpublished = {Available on: \url{https://justinh.su/files/papers/ellora.pdf}},
	Title = {A Program Logic for Probabilistic Programs},
	Year = {2016}}

@misc{book:TATA07,
	Author = {H. Comon and M. Dauchet and R. Gilleron and C. L\"oding and F. Jacquemard and D. Lugiez and S. Tison and M. Tommasi},
	Date-Added = {2018-02-01 20:45:14 +0000},
	Date-Modified = {2018-02-01 20:45:45 +0000},
	Howpublished = {Available on: \url{http://www.grappa.univ-lille3.fr/tata}},
	Title = {Tree Automata Techniques and Applications},
	Year = {2007}}

@inproceedings{CC:KS92,
	Author = {Knoop, J. and Steffen, B.},
	Booktitle = cc,
	Date-Added = {2018-02-01 20:44:53 +0000},
	Date-Modified = {2018-02-01 20:45:09 +0000},
	Title = {The Interprocedural Coincidence Theorem},
	Year = {1992}}

@inproceedings{POPL:CC79,
	Author = {Cousot, P. and Cousot, R.},
	Booktitle = popl,
	Date-Added = {2018-02-01 20:44:09 +0000},
	Date-Modified = {2018-02-01 20:44:23 +0000},
	Title = {Systematic Design of Program Analysis Frameworks},
	Year = {1979}}

@inproceedings{POPL:MS04,
	Author = {M{\"u}ller-Olm, M. and Seidl, H.},
	Booktitle = popl,
	Date-Added = {2018-02-01 20:43:51 +0000},
	Date-Modified = {2018-02-01 20:44:06 +0000},
	Title = {Precise Interprocedural Analysis through Linear Algebra},
	Year = {2004}}

@inproceedings{TACAS:LTK08,
	Author = {Lal, A. and Touili, T. and Kidd, N. and Reps, T.},
	Booktitle = tacas,
	Date-Added = {2018-02-01 20:43:25 +0000},
	Date-Modified = {2018-02-01 20:43:49 +0000},
	Title = {Interprocedural Analysis of Concurrent Programs Under a Context Bound},
	Year = {2008}}

@inproceedings{FMCAD:FK15,
	Author = {Farzan, A. and Kincaid, Z.},
	Booktitle = fmcad,
	Date-Added = {2018-02-01 20:42:36 +0000},
	Date-Modified = {2018-02-01 20:42:51 +0000},
	Title = {Compositional Recurrence Analysis},
	Year = {2015}}

@inproceedings{POPL:CC77,
	Author = {Cousot, P. and Cousot, R.},
	Booktitle = popl,
	Date-Added = {2018-02-01 20:41:42 +0000},
	Date-Modified = {2018-02-01 20:42:07 +0000},
	Title = {Abstract Interpretation: A Unified Latice Model for Static Analysis of Programs by Construction or Approximation of Fixpoints},
	Year = {1977}}

@book{book:Dijkstra97,
	Author = {Dijkstra, E. W.},
	Date-Added = {2018-02-01 20:41:09 +0000},
	Date-Modified = {2018-02-01 20:41:36 +0000},
	Publisher = {Prentice Hall PTR Upper Saddle River, NJ, USA},
	Title = {A Discipline of Programming},
	Year = {1997}}

@inproceedings{ESOP:KKM16,
	Author = {Kaminski, B. L. and Katoen, J.-P. and Matheja, C. and Olmedo, F.},
	Booktitle = esop,
	Date-Added = {2018-02-01 20:40:32 +0000},
	Date-Modified = {2018-02-01 20:40:52 +0000},
	Title = {Weakest Precondition Reasoning for Expected Run---Times of Probabilistic Programs},
	Year = {2016}}

@article{ENTCS:JT98,
	Author = {Jung, A. and Tix, R.},
	Date-Added = {2018-02-01 20:40:08 +0000},
	Date-Modified = {2018-02-01 20:40:29 +0000},
	Journal = entcs,
	Title = {The Troublesome Probabilistic Powerdomain},
	Year = {1998}}

@inproceedings{LICS:Katoen16,
	Author = {Katoen, J.-P.},
	Booktitle = lics,
	Date-Added = {2018-02-01 20:39:44 +0000},
	Date-Modified = {2018-02-01 20:40:04 +0000},
	Title = {The Probabilistic Model Checking Landscape},
	Year = {2016}}

@techreport{CoRR:abs/cs/1707.02344,
	Author = {Bonchi, F. and SIlva, A. and Sokolova, A.},
	Date-Added = {2018-02-01 20:39:11 +0000},
	Date-Modified = {2018-02-01 20:39:40 +0000},
	Institution = {Computing Research Repository},
	Title = {The Power of Convex Algebras},
	Year = {2017}}

@article{kn:HG13,
	Author = {Hoffman, M. D. and Gelman, A.},
	Date-Added = {2018-02-01 20:38:46 +0000},
	Date-Modified = {2018-02-01 20:39:05 +0000},
	Journal = {J. Machine Learning Research},
	Title = {The No-U-Turn Sampler: Adaptively Setting Path Lengths in Hamiltonian Monte Carlo},
	Year = {2013}}

@techreport{TR:Pfeffer05,
	Author = {Pfeffer, A.},
	Date-Added = {2018-02-01 20:38:23 +0000},
	Date-Modified = {2018-02-01 20:38:41 +0000},
	Institution = {Harvard Computer Science Group},
	Title = {The Design and Implementation of IBAL: A General-Purpose Probabilistic Language},
	Year = {2005}}

@article{ENTCS:Panangaden99,
	Author = {Panangaden, P.},
	Date-Added = {2018-02-01 20:37:54 +0000},
	Date-Modified = {2018-02-01 20:38:18 +0000},
	Journal = entcs,
	Title = {The Category of Markov Kernels},
	Year = {1999}}

@techreport{TR:KSR07,
	Author = {Kok, S. and Sumner, M. and Richardson, M. and Singla, P. and Poon, H. and Lowd, D. and Wang, J. and Domingos, P.},
	Date-Added = {2018-02-01 20:37:20 +0000},
	Date-Modified = {2018-02-01 20:37:50 +0000},
	Institution = {University of Washington},
	Title = {The Alchemy System for Statistical Relational AI},
	Year = {2007}}

@inproceedings{CAV:BEF16,
	Author = {Barthe, G. and Espitau, T. and Ferrer Fioriti, L. M. and Hsu, J.},
	Booktitle = cav,
	Date-Added = {2018-02-01 20:36:58 +0000},
	Date-Modified = {2018-02-01 20:37:14 +0000},
	Title = {Synthesizing Probabilistic Invariants via Doob's Decomposition},
	Year = {2016}}

@inproceedings{POPL:CNZ17,
	Author = {Chatterjee, K. and Novotn{\'y}, P. and {\v Z}ikeli{\'c}, {\DJ}.},
	Booktitle = popl,
	Date-Added = {2018-02-01 20:36:21 +0000},
	Date-Modified = {2018-02-01 20:36:42 +0000},
	Title = {Stochastic Invariants for Probabilistic Termination},
	Year = {2017}}

@inproceedings{PLDI:SCG13,
	Author = {Sankaranarayanan, S. and Chakarov, A. and Gulwani, S.},
	Booktitle = pldi,
	Date-Added = {2018-02-01 20:36:00 +0000},
	Date-Modified = {2018-02-01 20:36:17 +0000},
	Title = {Static Analysis for Probabilistic Programs: Inferring Whole Program Properties from Finitely Many Paths},
	Year = {2013}}

@article{kn:CGH17,
	Author = {Carpenter, B. and Gelman, A. and Hoffman, M. D. and Lee, D. and Goodrich, B. and Betancourt, M. and Brubaker, M. and Guo, J. and Li, P. and Riddell, A.},
	Date-Added = {2018-02-01 20:35:03 +0000},
	Date-Modified = {2018-02-01 20:35:38 +0000},
	Journal = {J. Statistical Softw.},
	Title = {Stan: A Probabilistic Programming Language},
	Year = {2017}}

@inproceedings{POPL:DK14,
	Author = {Darulova, E. and Kuncak, V.},
	Booktitle = popl,
	Date-Added = {2018-02-01 20:34:34 +0000},
	Date-Modified = {2018-02-01 20:34:52 +0000},
	Title = {Sound Compilation of Reals},
	Year = {2014}}

@article{JCSS:Kozen81,
	Author = {Kozen, D.},
	Date-Added = {2018-02-01 20:34:11 +0000},
	Date-Modified = {2018-02-01 20:34:30 +0000},
	Journal = jcss,
	Title = {Semantics of Probabilistic Programs},
	Year = {1981}}

@inproceedings{LICS:SYH16,
	Author = {Staton, S. and Yang, H. and Heunen, C. and Kammar, O.},
	Booktitle = lics,
	Date-Added = {2018-02-01 20:33:33 +0000},
	Date-Modified = {2018-02-01 20:34:06 +0000},
	Title = {Semantics for probabilistic programming: higher-order functions, continuous distributions, and soft constraints},
	Year = {2016}}

@article{ENTCS:TKP09,
	Author = {Tix, R. and Keimel, K. and Plotkin, G.},
	Date-Added = {2018-02-01 20:33:11 +0000},
	Date-Modified = {2018-02-01 20:33:29 +0000},
	Journal = entcs,
	Title = {Semantic Domains for Combining Probability and Non-Determinism},
	Year = {2009}}

@techreport{TR:GMS89,
	Author = {C. A. Gunter and P. D. Mosses and D. S. Scott},
	Date-Added = {2018-02-01 20:32:34 +0000},
	Date-Modified = {2018-02-01 20:33:04 +0000},
	Institution = {University of Pennsylvania Department of Computer and Information Science},
	Title = {Semantic Domains and Denotational Semantics},
	Year = {1989}}

@article{JCSS:BKK15,
	Author = {Br{\'a}zdil, T. and Kiefer, S. and Ku{\v c}era, A. and Va{\v r}ekov{\'a}, I. H.},
	Date-Added = {2018-02-01 20:32:07 +0000},
	Date-Modified = {2018-02-01 20:32:29 +0000},
	Journal = jcss,
	Title = {Runtime Analysis of Probabilistic Programs with Unbounded Recursion},
	Year = {2015}}

@inproceedings{ICALP:EWY08,
	Author = {Etessami, K. and Wojtczak, D. and Yannakakis, M.},
	Booktitle = icalp,
	Date-Added = {2018-02-01 20:31:39 +0000},
	Date-Modified = {2018-02-01 20:32:04 +0000},
	Title = {Recursive Stochastic Games with Positive Rewards},
	Year = {2008}}

@article{JACM:EY15,
	Author = {Etessami, K. and Yannakakis, M.},
	Date-Added = {2018-02-01 20:31:07 +0000},
	Date-Modified = {2018-02-01 20:31:33 +0000},
	Journal = jacm,
	Title = {Recursive Markov Decision Processes and Recursive Stochastic Games},
	Year = {2015}}

@inproceedings{STACS:EY05,
	Author = {Etessami, K. and Yannakakis, M.},
	Booktitle = stacs,
	Date-Added = {2018-02-01 20:30:41 +0000},
	Date-Modified = {2018-02-01 20:31:00 +0000},
	Title = {Recursive Markov Chains, Stochastic Grammars, and Monotone Systems of Nonlinear Equations},
	Year = {2005}}

@inproceedings{LICS:OKK16,
	Author = {Olmedo, F. and Kaminski, B. L. and Katoen, J.-P. and Matheja, C.},
	Booktitle = lics,
	Date-Added = {2018-02-01 20:29:45 +0000},
	Date-Modified = {2018-02-01 20:30:09 +0000},
	Title = {Reasoning about Recursive Probabilistic Programs},
	Year = {2016}}

@inproceedings{LICS:EKM05,
	Author = {Esparza, J. and Ku{\v c}era, A. and Mayr, R.},
	Booktitle = lics,
	Date-Added = {2018-02-01 20:29:24 +0000},
	Date-Modified = {2018-02-01 20:29:42 +0000},
	Title = {Quantitative Analysis of Probabilistic Pushdown Automata: Expectations and Variances},
	Year = {2005}}

@book{book:Billingsley12,
	Author = {Billingsley, P.},
	Date-Added = {2018-02-01 20:28:54 +0000},
	Date-Modified = {2018-02-01 20:29:18 +0000},
	Publisher = {John Wiley \& Sons, Inc.},
	Title = {Probability and Measure},
	Year = {2012}}

@article{JLC:PHW05,
	Author = {Di Pierro, A. and Hankin, C. and Wiklicky, H.},
	Date-Added = {2018-02-01 20:27:51 +0000},
	Date-Modified = {2018-02-01 20:28:49 +0000},
	Journal = jlc,
	Title = {Probabilistic λ-calculus and Quantitative Program Analysis},
	Year = {2005}}

@inproceedings{POPL:FH15,
	Author = {Ferrer Fioriti, L. M. and Hermanns, H.},
	Booktitle = popl,
	Date-Added = {2018-02-01 20:27:29 +0000},
	Date-Modified = {2018-02-01 20:27:46 +0000},
	Title = {Probabilistic Termination: Soundness, Completeness, and Compositionality},
	Year = {2015}}

@inproceedings{kn:GHN14,
	Author = {Gordon, A. D. and Henzinger, T. A. and Nori, A. V. and Rajamani, S. K.},
	Booktitle = {Future of Softw. Eng.},
	Date-Added = {2018-02-01 20:27:04 +0000},
	Date-Modified = {2018-02-01 20:27:24 +0000},
	Title = {Probabilistic Programming},
	Year = {2014}}

@inproceedings{CAV:CS13,
	Author = {Chakarov, A. and Sankaranarayanan, S.},
	Booktitle = cav,
	Date-Added = {2018-02-01 20:26:29 +0000},
	Date-Modified = {2018-02-01 20:26:47 +0000},
	Title = {Probabilistic Program Analysis with Martingales},
	Year = {2013}}

@phdthesis{phd:Jones89,
	Author = {Jones, C.},
	Date-Added = {2018-02-01 20:25:54 +0000},
	Date-Modified = {2018-02-01 20:26:23 +0000},
	School = {University of Edinburgh Edinburgh},
	Title = {Probabilistic Non-determinism},
	Year = {1989}}

@incollection{kn:JLY01,
	Author = {Jonsson, B. and Larsen, K. G. and Yi, W.},
	Booktitle = {Handbook of Process Algebra},
	Date-Added = {2018-02-01 20:25:13 +0000},
	Date-Modified = {2018-02-01 20:25:48 +0000},
	Publisher = {Elsevier},
	Title = {Probabilistic Extensions of Process Algebras},
	Year = {2001}}

@inproceedings{ESOP:CM12,
	Author = {Cousot, P. and Monerau, M.},
	Booktitle = esop,
	Date-Added = {2018-02-01 20:24:42 +0000},
	Date-Modified = {2018-02-01 20:25:08 +0000},
	Title = {Probabilistic Abstract Interpretation},
	Year = {2012}}

@misc{misc:PReMo17,
	Date-Added = {2018-02-01 20:24:08 +0000},
	Date-Modified = {2018-02-01 20:24:39 +0000},
	Howpublished = {Available on: \url{http://groups.inf.ed.ac.uk/premo/}},
	Title = {PReMo -- Probabilistic Recursive Models analyzer},
	Year = {2017}}

@inproceedings{ICALP:ESY12,
	Author = {Etessami, K. and Stewart, A. and Yannakakis, M.},
	Booktitle = icalp,
	Date-Added = {2018-02-01 20:23:02 +0000},
	Date-Modified = {2018-02-01 20:24:01 +0000},
	Title = {Polynomial Time Algorithms for Branching Markov Decision Processes and Probabilistic Min(Max) Polynomial Bellman Equations},
	Year = {2012}}

@misc{misc:WHR17,
	Author = {Wang, D. and Hoffmann, J. and Reps, T.},
	Date-Added = {2018-02-01 20:22:08 +0000},
	Date-Modified = {2018-02-01 20:22:52 +0000},
	Howpublished = {Available on: \url{http://www.cs.cmu.edu/~diw3/papers/WangHR17.pdf}},
	Title = {PMAF: An Algebraic Framework for Static Analysis of Probabilistic Programs},
	Year = {2017}}

@article{TCS:MM01,
	Author = {McIver, A. K. and Morgan, C. C.},
	Date-Added = {2018-02-01 20:21:00 +0000},
	Date-Modified = {2018-02-01 20:21:47 +0000},
	Journal = tcs,
	Title = {Partial correctness for probabilistic demonic programs},
	Year = {2001}}

@inproceedings{ACL:Eisner02,
	Author = {Eisner, J.},
	Booktitle = acl,
	Date-Added = {2018-02-01 20:20:14 +0000},
	Date-Modified = {2018-02-01 20:20:35 +0000},
	Title = {Parameter Estimation for Probabilistic Finite-State Transducers},
	Year = {2002}}

@article{kn:Roth96,
	Author = {Roth, D.},
	Date-Added = {2018-02-01 20:19:13 +0000},
	Date-Modified = {2018-02-01 20:19:48 +0000},
	Journal = {Artif. Intelligence},
	Title = {On the Hardness of Approximate Reasoning},
	Year = {1996}}

@inproceedings{NIPS:WGS11,
	Author = {Wingate, D. and Goodman, N. D. and Stuhlm{\"u}ller, A. and Siskind, J. M.},
	Booktitle = nips,
	Date-Added = {2018-02-01 20:18:52 +0000},
	Date-Modified = {2018-02-01 20:19:10 +0000},
	Title = {Nonstandard Interpretations of Probabilistic Programs for Efficient Inference},
	Year = {2011}}

@inproceedings{kn:Mislove00,
	Author = {Mislove, M.},
	Booktitle = {Concurrency Theory},
	Date-Added = {2018-02-01 20:17:46 +0000},
	Date-Modified = {2018-02-01 20:18:25 +0000},
	Title = {Nondeterminism and Probabilistic Choice: Obeying the Laws},
	Year = {2000}}

@article{ENTCS:HV99,
	Author = {den Hartog, J. I. and de Vink, E. P.},
	Date-Added = {2018-02-01 20:17:05 +0000},
	Date-Modified = {2018-02-01 20:17:41 +0000},
	Journal = entcs,
	Title = {Mixing Up Nondeterminism and Probability: a preliminary report},
	Year = {1999}}

@inproceedings{ESOP:BGG11,
	Author = {Borgstr{\"o}m, J. and Gordon, A. D. and Greenberg, M. and Margetson, J. and Van Gael, J.},
	Booktitle = esop,
	Date-Added = {2018-02-01 20:16:42 +0000},
	Date-Modified = {2018-02-01 20:17:02 +0000},
	Title = {Measure Transformer Semantics for Bayesian Machine Learning},
	Year = {2011}}

@inproceedings{POPL:EPT18,
	Author = {Ehrhard, T. and Pagani, M. and Tasson, C.},
	Booktitle = popl,
	Date-Added = {2018-02-01 20:16:10 +0000},
	Date-Modified = {2018-02-01 20:16:36 +0000},
	Title = {Measurable Cones and Stable, Measurable Functions},
	Year = {2018}}

@book{book:Puterman94,
	Author = {Puterman, M. L.},
	Date-Added = {2018-02-01 20:11:48 +0000},
	Date-Modified = {2018-02-01 20:15:53 +0000},
	Publisher = {John Wiley \& Sons, Inc.},
	Title = {Markov Decision Processes: Discrete Stochastic Dynamic Programming},
	Year = {1994}}

@inproceedings{SAS:KMM10,
	Author = {Katoen, J.-P. and McIver, A. K. and Meinicke, L. A. and Morgan, C. C.},
	Booktitle = sas,
	Date-Added = {2018-02-01 20:11:22 +0000},
	Date-Modified = {2018-02-01 20:11:45 +0000},
	Title = {Linear-Invariant Generation for Probabilistic Programs: Automated Support for Proof-Based Methods},
	Year = {2010}}

@inproceedings{QEST:KKM16,
	Author = {Kaminski, B. L. and Katoen, J.-P. and Matheja, C.},
	Booktitle = qest,
	Date-Added = {2018-02-01 20:10:56 +0000},
	Date-Modified = {2018-02-01 20:11:20 +0000},
	Title = {Inferring Covariances for Probabilistic Programs},
	Year = {2016}}

@misc{misc:INFER14,
	Author = {Minka, T. and Winn, J. M. and Guiver, J. P. and Webster, S. and Zaykov, Y. and Yangel, B. and Spengler, A. and Bronskill, J.},
	Date-Added = {2018-02-01 20:10:03 +0000},
	Date-Modified = {2018-02-01 20:10:43 +0000},
	Howpublished = {Microsoft Research Cambridge. \url{http://research.microsoft.com/infernet}},
	Title = {Infer.NET 2.6},
	Year = {2014}}

@inproceedings{QEST:KNP06,
	Author = {Kwiatkowska, M. and Norman, G. and Parker, D.},
	Booktitle = qest,
	Date-Added = {2018-02-01 20:08:56 +0000},
	Date-Modified = {2018-02-01 20:10:00 +0000},
	Title = {Game-based Abstraction for Markov Decision Processes},
	Year = {2006}}

@inproceedings{ESOP:BGV18,
	Author = {Bichsel, B. and Gehr, T. and Vechev, M.},
	Booktitle = esop,
	Date-Added = {2018-02-01 20:08:30 +0000},
	Date-Modified = {2018-02-01 20:08:53 +0000},
	Title = {Fine-grained Semantics for Probabilistic Programs},
	Year = {2018}}

@inproceedings{SAS:CS14,
	Author = {Chakarov, A. and Sankaranarayanan, S.},
	Booktitle = sas,
	Date-Added = {2018-02-01 20:08:05 +0000},
	Date-Modified = {2018-02-01 20:08:27 +0000},
	Title = {Expectation Invariants for Probabilistic Program Loops as Fixed Points},
	Year = {2014}}

@article{JACM:BKK14,
	Author = {Br{\'a}zdil, T. and Kiefer, S. and Ku{\v c}era, A.},
	Date-Added = {2018-02-01 20:07:27 +0000},
	Date-Modified = {2018-02-01 20:08:00 +0000},
	Journal = jacm,
	Title = {Efficient Analysis of Probabilistic Programs with an Unbounded Counter},
	Year = {2014}}

@inproceedings{CSF:MMH11,
	Author = {Mardziel, P. and Magill, S. and Hicks, M. and Srivatsa, M.},
	Booktitle = csf,
	Date-Added = {2018-02-01 20:07:07 +0000},
	Date-Modified = {2018-02-01 20:07:25 +0000},
	Title = {Dynamic Enforcement of Knowledge-based Security Policies},
	Year = {2011}}

@incollection{kn:AJ94,
	Author = {Abramsky, S. and Jung, A.},
	Booktitle = {Handbook of Logic in Computer Science},
	Date-Added = {2018-02-01 20:05:57 +0000},
	Date-Modified = {2018-02-01 20:06:38 +0000},
	Publisher = {Oxford University Press Oxford, UK},
	Title = {Domain Theory},
	Year = {1994}}

@article{kn:GLP93,
	Author = {G. Gallo and G. Longo and S. Pallottino and S. Nguyen},
	Date-Added = {2018-02-01 20:05:24 +0000},
	Date-Modified = {2018-02-01 20:05:55 +0000},
	Journal = {Disc. Appl. Math.},
	Title = {Directed Hypergraphs and Applications},
	Year = {1993}}

@inproceedings{CAV:CHW15,
	Author = {Chen, Y.-F. and Hong, C.-D. and Wang, B.-Y. and Zhang, L.},
	Booktitle = cav,
	Date-Added = {2018-02-01 20:04:56 +0000},
	Date-Modified = {2018-02-01 20:05:21 +0000},
	Title = {Counterexample-Guided Polynomial Loop Invariant Generation by Lagrange Interpolation},
	Year = {2015}}

@article{ENTCS:JKK15,
	Author = {Jansen, N. and Kaminski, B. L. and Katoen, J.-P. and Olmedo, F. and Gretz, F. and McIver, A. K.},
	Date-Added = {2018-02-01 20:04:22 +0000},
	Date-Modified = {2018-02-01 20:04:54 +0000},
	Journal = entcs,
	Title = {Conditioning in Probabilistic Programming},
	Year = {2015}}

@inproceedings{ESOP:Staton17,
	Author = {Staton, S.},
	Booktitle = esop,
	Date-Added = {2018-02-01 20:03:59 +0000},
	Date-Modified = {2018-02-01 20:04:19 +0000},
	Title = {Commutative Semantics for Probabilistic Programming},
	Year = {2017}}

@inproceedings{kn:GMR08,
	Author = {Goodman, N. D. and Mansinghka, V. K. and Roy, D. M. and Tenenbaum, J. B.},
	Booktitle = {Uncertainty in Artif. Intelligence},
	Date-Added = {2018-02-01 20:03:10 +0000},
	Date-Modified = {2018-02-01 20:03:56 +0000},
	Title = {Church: a language for generative models},
	Year = {2008}}

@inproceedings{POPL:SKF17,
	Author = {Smolka, S. and Kumar, P. and Foster, N. and Kozen, D. and SIlva, A.},
	Booktitle = popl,
	Date-Added = {2018-02-01 20:02:38 +0000},
	Date-Modified = {2018-02-01 20:03:05 +0000},
	Title = {Cantor meets Scott: Semantic Foundations for Probabilistic Networks},
	Year = {2017}}

@inproceedings{kn:JDK16,
	Author = {Jansen, N. and Dehnert, C. and Kaminski, B. L. and Katoen, J.-P. and Westhofen, L.},
	Booktitle = {Automated Tech. for Verif. and Analysis},
	Date-Added = {2018-02-01 20:01:06 +0000},
	Date-Modified = {2018-02-01 20:02:33 +0000},
	Title = {Bounded Model Checking for Probabilistic Programs},
	Year = {2016}}

@inproceedings{IJCAI:MMR05,
	Author = {Milch, B. and Marthi, B. and Russell, S. and Sontag, D. and Ong, D. L. and Kolobov, A.},
	Booktitle = ijcai,
	Date-Added = {2018-02-01 19:59:54 +0000},
	Date-Modified = {2018-02-01 20:01:01 +0000},
	Title = {BLOG: Probabilistic Models with Unknown Objects},
	Year = {2005}}

@inproceedings{FSE:CRN13,
	Author = {Claret, G. and Rajamani, S. K. and Nori, A. V. and Gordon, A. D. and Borgstr{\"o}m, J.},
	Booktitle = fse,
	Date-Added = {2018-02-01 19:59:00 +0000},
	Date-Modified = {2018-02-01 19:59:52 +0000},
	Title = {Bayesian Inference using Data Flow Analysis},
	Year = {2013}}

@inproceedings{ESOP:Monniaux01,
	Author = {Monniaux, D.},
	Booktitle = esop,
	Date-Added = {2018-02-01 19:58:05 +0000},
	Date-Modified = {2018-02-01 19:58:57 +0000},
	Title = {Backwards Abstract Interpretation of Probabilistic Programs},
	Year = {2001}}

@article{ENTCS:MOW04,
	Author = {Mislove, M. and Ouaknine, J. and Worrell, J.},
	Date-Added = {2018-02-01 19:56:58 +0000},
	Date-Modified = {2018-02-01 19:57:58 +0000},
	Journal = entcs,
	Title = {Axioms for Probability and Nondeterminism},
	Year = {2004}}

@inproceedings{kn:FKN11,
	Author = {Forejt, V. and Kwiatkowska, M. and Norman, G. and Parker, D.},
	Booktitle = {Int. School on Formal Methods for the Design of Comp., Comm. and Softw. Syst.},
	Date-Added = {2018-02-01 19:55:43 +0000},
	Date-Modified = {2018-02-01 19:56:50 +0000},
	Title = {Automated Verification Techniques for Probabilistic Systems},
	Year = {2011}}

@inproceedings{CAV:CFM17,
	Author = {Chatterjee, K. and Fu, H. and Murhekar, A.},
	Booktitle = cav,
	Date-Added = {2018-02-01 19:55:18 +0000},
	Date-Modified = {2018-02-01 19:55:38 +0000},
	Title = {Automated Recurrence Analysis for Almost-Linear Expected-Runtime Bounds},
	Year = {2017}}

@inproceedings{FCS:BEK05,
	Author = {Br{\'a}zdil, T. and Esparza, J. and Ku{\v c}era, A.},
	Booktitle = fcs,
	Date-Added = {2018-02-01 19:53:47 +0000},
	Date-Modified = {2018-02-01 19:55:03 +0000},
	Title = {Analysis and Prediction of the Long-Run Behavior of Probabilistic Sequential Programs with Recursion},
	Year = {2005}}

@inproceedings{POPL:Monniaux01,
	Author = {Monniaux, D.},
	Booktitle = popl,
	Date-Added = {2018-02-01 19:53:13 +0000},
	Date-Modified = {2018-02-01 19:53:40 +0000},
	Title = {An Abstract Monte-Carlo Method for the Analysis of Probabilistic Programs},
	Year = {2001}}

@inproceedings{POPL:CFN16,
	Author = {Chatterjee, K. and Fu, H. and Novotn{\'y}, P. and Hasheminezhad, R.},
	Booktitle = popl,
	Date-Added = {2018-02-01 19:52:38 +0000},
	Date-Modified = {2018-02-01 19:53:02 +0000},
	Title = {Algorithmic Analysis of Qualitative and Quantitative Termination Problems for Affine Probabilistic Programs},
	Year = {2016}}

@article{FMSD:BFG97,
	Author = {R. I. Bahar and E. A. Frohm and C. M. Gaona and G. D. Hachtel and E. Macii and A. Pardo and F. Somenzi},
	Date-Added = {2018-02-01 19:51:00 +0000},
	Date-Modified = {2018-02-01 19:52:20 +0000},
	Journal = fmsd,
	Title = {Algebraic Decision Diagrams and their Applications},
	Year = {1997}}

@inproceedings{VMCAI:KKN09,
	Author = {Kattenbelt, M. and Kwiatkowska, M. and Norman, G. and Parker, D.},
	Booktitle = vmcai,
	Date-Added = {2018-02-01 19:50:17 +0000},
	Date-Modified = {2018-02-01 19:50:48 +0000},
	Title = {Abstraction Refinement for Probabilistic Software},
	Year = {2009}}

@book{book:MM05,
	Author = {McIver, A. K. and Morgan, C. C.},
	Date-Added = {2018-02-01 19:49:10 +0000},
	Date-Modified = {2018-02-01 19:49:38 +0000},
	Publisher = {Springer Science+Business Media, Inc.},
	Title = {Abstraction, Refinement and Proof for Probabilistic Systems},
	Year = {2005}}

@inproceedings{SAS:Monniaux03,
	Author = {Monniaux, D.},
	Booktitle = sas,
	Date-Added = {2018-02-01 19:48:31 +0000},
	Date-Modified = {2018-02-01 19:49:01 +0000},
	Title = {Abstract Interpretation of Programs as Markov Decision Processes},
	Year = {2003}}

@inproceedings{SAS:Monniaux00,
	Author = {Monniaux, D.},
	Booktitle = sas,
	Date-Added = {2018-02-01 19:48:01 +0000},
	Date-Modified = {2018-02-01 19:48:27 +0000},
	Title = {Abstract Interpretation of Probabilistic Semantics},
	Year = {2000}}

@inproceedings{LICS:JP89,
	Author = {Jones, C. and Plotkin, G.},
	Booktitle = lics,
	Date-Added = {2018-02-01 19:47:08 +0000},
	Date-Modified = {2018-02-01 19:47:31 +0000},
	Title = {A Probabilistic Powerdomain of Evaluations},
	Year = {1989}}

@article{JCSS:Kozen85,
	Author = {Kozen, D.},
	Date-Added = {2018-02-01 19:46:17 +0000},
	Date-Modified = {2018-02-01 19:46:40 +0000},
	Journal = jcss,
	Title = {A Probabilistic PDL},
	Year = {1985}}

@inproceedings{POPL:GAB13,
	Author = {Gordon, A. D. and Aizatulin, M. and Borgstr{\"o}m, J. and Claret, G. and Graepel, T. and Nori, A. V. and Rajamani, S. K. and Russo, C.},
	Booktitle = popl,
	Date-Added = {2018-02-01 19:42:48 +0000},
	Date-Modified = {2018-02-01 19:44:22 +0000},
	Title = {A Model-Learner Pattern for Bayesian Reasoning},
	Year = {2013}}

@article{kn:Bellman57,
	Author = {Bellman, R.},
	Date-Added = {2018-02-01 19:41:32 +0000},
	Date-Modified = {2018-02-01 19:42:34 +0000},
	Journal = {Indiana Univ. Math. J.},
	Title = {A Markovian Decision Process},
	Year = {1957}}

@inproceedings{ICFP:BLG16,
	Author = {Borgstr{\"o}m, J. and Lago, U. D. and Gordon, A. D. and Szymczak, M.},
	Booktitle = icfp,
	Date-Added = {2018-02-01 19:40:29 +0000},
	Date-Modified = {2018-02-01 19:41:02 +0000},
	Title = {A Lambda-Calculus Foundation for Universal Probabilistic Programming},
	Year = {2016}}

@inproceedings{LICS:HKS17,
	Author = {Heunen, C. and Kammar, O. and Staton, S. and Yang, H.},
	Booktitle = lics,
	Date-Added = {2018-02-01 19:36:17 +0000},
	Date-Modified = {2018-02-01 19:39:05 +0000},
	Title = {A Convenient Category for Higher-Order Probability Theory},
	Year = {2017}}
