@inproceedings{POPL:WH19,
	Author = {Wang, Di and Hoffmann, Jan},
	Booktitle = {Princ.\ of Prog.\ Lang. (POPL)},
	Date-Added = {2018-10-30 18:19:19 -0400},
	Date-Modified = {2018-10-30 18:20:33 -0400},
	Title = {{Type-Guided Worst-Case Input Generation}},
	Year = {2019}}

@inproceedings{PLDI:WHR18,
	Author = {Wang, Di and Hoffmann, Jan and Reps, Thomas},
	Booktitle = {Prog.\ Lang.\ Design and Impl. (PLDI)},
	Date-Added = {2018-02-01 20:22:08 +0000},
	Date-Modified = {2018-06-13 22:06:06 +0000},
	Title = {{PMAF: An Algebraic Framework for Static Analysis of Probabilistic Programs}},
	Year = {2018}}

@inproceedings{OOPSLA:WWC17,
	Author = {Wang, Peng and Wang, Di and Chlipala, Adam},
	Booktitle = {Object-Oriented Prog., Syst., Lang., and Applications (OOPSLA)},
	Date-Added = {2018-07-11 22:27:33 +0000},
	Date-Modified = {2018-07-11 22:30:48 +0000},
	Title = {{TiML: A Functional Language for Practical Complexity Analysis with Invariants}},
	Year = {2017}}

@inproceedings{ESOP:TWX17,
	Author = {Tang, Hao and Wang, Di and Xiong, Yingfei and Zhang, Lingming and Wang, Xiaoyin and Zhang, Lu},
	Booktitle = {European Symp.\ on Programming (ESOP)},
	Title = {{Conditional Dyck-CFL Reachability Analysis for Complete and Efficient Library Summarization}},
	Year = {2017}}

@mastersthesis{BS,
	Author = {Wang, Di},
	School = {Peking University},
	Type = {Diploma thesis},
	Title = {{Accelerating Program Analyses by Conditional Summarization with Datalog}},
	Year = {2017}}

@manual{misc:WHR18,
	Author = {Wang, Di and Hoffmann, Jan and Reps, Thomas},
	Date-Added = {2018-03-26 17:10:27 +0000},
	Date-Modified = {2018-06-02 20:03:24 +0000},
	Title = {{A Denotational Semantics for Nondeterminism in Probabilistic Programs}},
	Year = {2018}}

@manual{misc:WWC18,
	Author = {Wang, Peng and Wang, Di and Chlipala, Adam},
	Title = {{Type-Preserving Compilation for Resource Bounds}},
	Year = {2018}}

@manual{misc:KWP18,
	Author = {Knoth, Tristan and Wang, Di and Polikarpova, Nadia and Hoffmann, Jan},
	Title = {{Resource-Guided Program Synthesis}},
	Year = {2018}}