@string{oopsla = {Object-Oriented Programming, Systems, Languages, and Applications}}
@string{toplas = {Transactions on Programming Languages and Systems}}
@string{popl = {Principles of Programming Languages}}
@string{ecoop = {European Conference on Object-Oriented Programming}}
@string{pldi = {Programming Language Design and Implementation}}
@string{icfp = {International Conference on Functional Programming}}
@string{mfps = {Mathematical Foundations of Programming Semantics}}
@string{esop = {European Symposium on Programming}}

@article{TOPLAS:JZX24,
	author = {Ji, Ruyi and Zhao, Yuwei and Yingfei Xiong* and \textbf{Di Wang} and Zhang, Lu and Hu, Zhenjiang},
	issue = {2},
	journal = toplas,
	month = {June},
	number = {8},
	pages = {8:1--8:59},
	title = {{Decomposition-Based Synthesis for Applying Divide-and-Conquer-Like Algorithmic Paradigms}},
	volume = {46},
	year = {2024}}

@inproceedings{OOPSLA:LW25,
	author = {Lian, Qihao and \textbf{Di Wang*}},
	booktitle = oopsla,
	series = {OOPSLA'25},
	title = {{Automatic Linear Resource Bound Analysis for Rust via Prophecy Potentials}},
	year = {2025}}


@inproceedings{OOPSLA:PWS24,
	author = {Pham, Long and \textbf{Di Wang*} and Saad, Feras A. and Hoffmann, Jan},
	booktitle = oopsla,
	series = {OOPSLA'24},
	title = {{Programmable MCMC with Soundly Composed Guide Programs}},
	year = {2024}}

@inproceedings{OOPSLA:GCY24,
	author = {Guan, Zhichao and Cao, Yiyuan and Yu, Tailai and Wang, Ziheng and \textbf{Di Wang*} and Hu, Zhenjiang},
	booktitle = oopsla,
	series = {OOPSLA'24},
	title = {{Semantics Lifting for Syntactic Sugar}},
	year = {2024}}

@inproceedings{ECOOP:PWS24,
	author = {Sun, Ke and \textbf{Di Wang*} and Chen, Sheng and Wang, Meng and Hao, Dan},
	booktitle = ecoop,
	series = {ECOOP'24},
	title = {{Formalizing, Mechanizing, and Verifying Class-based Refinement Types}},
	year = {2024}}

@inproceedings{OOPSLA:WR24,
	author = {\textbf{Di Wang} and Reps, Thomas},
	booktitle = oopsla,
	series = {OOPSLA'24},
	title = {{Newtonian Program Analysis of Probabilistic Programs}},
	year = {2024}}

@inproceedings{POPL:DWH23,
	author = {Das, Ankush and \textbf{Di Wang} and Hoffmann, Jan},
	booktitle = popl,
	series = {POPL'23},
	title = {{Probabilistic Resource-Aware Session Types}},
	year = {2023}}

@inproceedings{PLDI:WHR21B,
	author = {\textbf{Di Wang} and Hoffmann, Jan and Reps, Thomas},
	booktitle = pldi,
	series = {PLDI'21},
	title = {{Sound Probabilistic Inference via Guide Types}},
	year = {2021}}

@inproceedings{PLDI:WHR21A,
	author = {\textbf{Di Wang} and Hoffmann, Jan and Reps, Thomas},
	booktitle = pldi,
	series = {PLDI'21},
	title = {{Central Moment Analysis for Cost Accumulators in Probabilistic Programs}},
	year = {2021}}

@inproceedings{ICFP:KWR20,
	author = {Knoth, Tristan and \textbf{Di Wang} and Reynolds, Adam and Hoffmann, Jan and Polikarpova, Nadia},
	booktitle = icfp,
	series = {ICFP'20},
	title = {{Liquid Resource Types}},
	year = {2020}}

@inproceedings{ICFP:WKH20,
	author = {\textbf{Di Wang} and Kahn, David M. and Hoffmann, Jan},
	booktitle = icfp,
	series = {ICFP'20},
	title = {{Raising Expectations: Automating Expected Cost Analysis with Types}},
	year = {2020}}

@inproceedings{PLDI:KWP19,
	author = {Knoth, Tristan and \textbf{Di Wang} and Polikarpova, Nadia and Hoffmann, Jan},
	booktitle = pldi,
	series = {PLDI'19},
	title = {{Resource-Guided Program Synthesis}},
	year = {2019}}

@inproceedings{MFPS:WHR19,
	author = {\textbf{Di Wang} and Hoffmann, Jan and Reps, Thomas},
	booktitle = mfps,
	series = {MFPS'19},
	title = {{A Denotational Semantics for Low-Level Probabilistic Programs with Nondeterminism}},
	year = {2019}}

@inproceedings{POPL:WH19,
	author = {\textbf{Di Wang} and Hoffmann, Jan},
	booktitle = popl,
	series = {POPL'19},
	title = {{Type-Guided Worst-Case Input Generation}},
	year = {2019}}

@inproceedings{PLDI:WHR18,
	author = {\textbf{Di Wang} and Hoffmann, Jan and Reps, Thomas},
	booktitle = pldi,
	series = {PLDI'18},
	title = {{PMAF: An Algebraic Framework for Static Analysis of Probabilistic Programs}},
	year = {2018}}

@inproceedings{OOPSLA:WWC17,
	author = {Wang, Peng and \textbf{Di Wang} and Chlipala, Adam},
	booktitle = oopsla,
	series = {OOPSLA'17},
	title = {{TiML: A Functional Language for Practical Complexity Analysis with Invariants}},
	year = {2017}}

@inproceedings{ESOP:TWX17,
	author = {Tang, Hao and \textbf{Di Wang} and Yingfei Xiong* and Zhang, Lingming and Wang, Xiaoyin and Zhang, Lu},
	booktitle = esop,
	series = {ESOP'17},
	title = {{Conditional Dyck-CFL Reachability Analysis for Complete and Efficient Library Summarizatio}},
	year = {2017}}

@misc{arxiv:CWW24,
	author = {Cheng, Zhang and Wu, Jiyang and \textbf{Di Wang} and Qinxiang Cao*},
	title = {{Denotation-based Compositional Compiler Verification}},
	url = {https://arxiv.org/abs/2404.17297},
	year = {2024}}

@misc{arxiv:HW24,
	author = {Huang, Changze and \textbf{Di Wang*}},
	title = {{Incremental Structure Discovery of Classification via Sequential Monte Carlo}},
	url = {https://arxiv.org/abs/2408.07875},
	year = {2024}}

@misc{arxiv:WW23,
	author = {Wu, Hongjun and \textbf{Di Wang*}},
	title = {{Worst-Case Analysis is Maximum-A-Posteriori Estimation: Resource Analysis with Sequential-Monte-Carlo-Based Fuzzing}},
	url = {https://arxiv.org/abs/2310.09774},
	year = {2023}}

@misc{arxiv:WHR21,
	author = {\textbf{Di Wang} and Hoffmann, Jan and Reps, Thomas},
	title = {{Expected-Cost Analysis for Probabilistic Programs and Semantics-Level Adaption of Optional Stopping Theorems}},
	url = {https://arxiv.org/abs/2103.16105},
	year = {2021}}
