%% This BibTeX bibliography file was created using BibDesk.
%% https://bibdesk.sourceforge.io/

%% Created for Di Wang at 2020-08-12 14:02:42 -0400 


%% Saved with string encoding Unicode (UTF-8) 


@string{acl = {Assoc.\ for Comp.\ Linguistics}}

@string{agas = {Attribute Grammars, Applications and Systems}}

@string{aistats = {Artificial Intelligence and Statistics}}

@string{aplas = {Asian Symp.\ on Prog.\ Lang.\ and Systems}}

@string{ase = {Automated Softw.\ Eng.}}

@string{asplos = {Architectural Support for Prog.\ Lang.\ and Op.\ Syst.}}

@string{atva = {Automated Tech.\ for Verif.\ and Analysis}}

@string{cacm = {Commun.\ ACM}}

@string{cata = {Categorical Aspects of Topology and Analysis}}

@string{cav = {Computer Aided Verif.}}

@string{cc = {Comp.\ Construct.}}

@string{ccs = {Comp.\ and Comm.\ Sec.}}

@string{cl = {Continuous Lattices}}

@string{concur = {Int.\ Conf.\ on Concurrency Theory}}

@string{csf = {Comp.\ Security Found.}}

@string{dam = {Disc.\ Appl.\ Math.}}

@string{dasc = {Digital Avionics Systems Conference}}

@string{dice = {Int.\ Workshop on Developments in Implicit Computational Complexity}}

@string{dsc = {Int.\ Workshop on Distributed Statistical Comp.}}

@string{emnlp = {Empirical Methods in Natural Language Processing}}

@string{entcs = {Electr.\ Notes Theor.\ Comp.\ Sci.}}

@string{esop = {European Symp.\ on Programming}}

@string{fdpc = {Formal Descriptions of Programming Concepts}}

@string{fm = {Formal Methods}}

@string{fmcad = {Formal Methods in Computer-Aided Design}}

@string{fmpta = {Formal Methods in Prog.\ and Their Applications}}

@string{fmsd = {Formal Methods in System Design}}

@string{focs = {Found.\ of Comp.\ Sci.}}

@string{fose = {Future of Softw.\ Eng.}}

@string{fossacs = {Foundations of Software Science and Computation Structures}}

@string{fse = {Found.\ of Softw.\ Eng.}}

@string{haskell = {Symp.\ on Haskell}}

@string{icalp = {Int.\ Colloq.\ on Automata, Langs., and Programming}}

@string{icfp = {Int.\ Conf.\ on Functional Programming}}

@string{iclr = {Int.\ Conf.\ on Learning Representations}}

@string{icml = {Int.\ Conf.\ on Machine Learning}}

@string{icse = {Int.\ Conf.\ on Softw.\ Eng.}}

@string{icst = {Int.\ Conf.\ on Softw.\ Testing, Verif.\ and Validation}}

@string{ifl = {Impl.\ of Functional Lang.}}

@string{ijcai = {Int.\ Joint Conf.\ on Artif. Intelligence}}

@string{ijcar = {Int.\ Joint Conf.\ on Automated Reasoning}}

@string{issta = {Int.\ Symp.\ on Softw.\ Testing and Analysis}}

@string{itp = {Interactive Theorem Proving}}

@string{jacm = {J.\ ACM}}

@string{jadm = {SIAM J.\ Algebraic Discrete Methods}}

@string{jai = {Artif.\ Intelligence}}

@string{jalg = {J.\ Alg.}}

@string{jamia = {J.\ American Medical Informatics Association}}

@string{jar = {J.\ Automated Reasoning}}

@string{jasa = {J.\ American Statistical Association}}

@string{jcs = {J.\ Computer Security}}

@string{jcss = {J.\ Comput.\ Syst.\ Sci.}}

@string{jfac = {Formal Aspects of Computing}}

@string{jhosc = {Higher-Order and Symbolic Comp.}}

@string{jic = {Information and Computation}}

@string{jipl = {Information Process Letters}}

@string{jis = {Int.\ J.\ Information Security}}

@string{jlc = {J.\ Log.\ and Comp.}}

@string{jmcm = {Math.\ and Computer Modelling}}

@string{jmlr = {J.\ Machine Learning Research}}

@string{jmm = {J.\ Mathematics and Mechanics}}

@string{jmscs = {Math.\ Struct.\ Comp.\ Sci.}}

@string{jrss = {J.\ Royal Statistical Society}}

@string{jsc = {J.\ Symbolic Computation}}

@string{jspe = {Software---Practice \& Experience}}

@string{jss = {J.\ Statistical Softw.}}

@string{jta = {Topology and its Applications}}

@string{jtcs = {Theor.\ Comp.\ Sci.}}

@string{lctes = {Lang., Comp., and Tools for Embeded Syst.}}

@string{lfp = {LISP and Functional Programming}}

@string{lics = {Logic in Computer Science}}

@string{lp = {Logics of Programs}}

@string{lpar = {Logic for Programming Artificial Intelligence and Reasoning}}

@string{mapl = {Int.\ Workshop on Machine Learning and Prog.\ Lang.}}

@string{micro = {Int.\ Symp.\ on Microarchitecture}}

@string{mpc = {Math.\ of Prog.\ Construction}}

@string{nature = {Nature}}

@string{ndss = {Network and Dist.\ Syst.\ Security}}

@string{nips = {Neural Info.\ Processing Syst.}}

@string{onward = {Int.\ Symp.\ on New Ideas, New Paradigms, and Reflections on Prog.\ and Soft.}}

@string{oopsla = {Object-Oriented Prog., Syst., Lang., and Applications}}

@string{osdi = {Op.\ Syst.\ Design and Impl.}}

@string{pacmpl = {Proc.\ ACM Program.\ Lang.}}

@string{pldi = {Prog.\ Lang.\ Design and Impl.}}

@string{pods = {Symp.\ on Princ.\ of Database Syst.}}

@string{popl = {Princ.\ of Prog.\ Lang.}}

@string{post = {Int.\ Conf.\ on Principles of Security and Trust}}

@string{pps = {Prob.\ Prog.\ Lang., Semantics, and Systems}}

@string{qest = {Quantitative Eval.\ of Syst.}}

@string{rc = {Int.\ Conf.\ on Reversible Computation}}

@string{rta = {Rewriting Techniques and Applications}}

@string{sam = {Symposium on Applied Mathematics}}

@string{sas = {Static Analysis Symp.}}

@string{sfm = {Formal Methods for Eternal Networked Software Systems}}

@string{sigact = {ACM SIGACT News}}

@string{sp = {Symp.\ on Sec.\ and Privacy}}

@string{stacs = {Symp.\ on Theor.\ Aspects of Comp.\ Sci.}}

@string{tacas = {Tools and Algs.\ for the Construct.\ and Anal.\ of Syst.}}

@string{tfp = {Trends in Functional Programming}}

@string{tlca = {Int.\ Conf.\ on Typed Lambda Calculi and Applications}}

@string{tocs = {Trans.\ on Comp.\ Syst.}}

@string{toplas = {Trans.\ on Prog.\ Lang.\ and Syst.}}

@string{uai = {Uncertainty in Artificial Intelligence}}

@string{usenix = {USENIX Sec.\ Symp.}}

@string{vmcai = {Verif., Model Checking, and Abs.\ Interp.}}

@string{wss = {USENIX Windows Syst.\ Symp.}}


@article{TOPLAS:HSP83,
	Author = {Hart, Sergiu and Sharir, Micha and Pnueli, Amir},
	Date-Added = {2020-07-09 01:20:47 -0400},
	Date-Modified = {2020-08-09 21:50:56 -0400},
	Doi = {10.1145/2166.357214},
	Journal = toplas,
	Month = {July},
	Number = {3},
	Title = {{Termination of Probabilistic Concurrent Program}},
	Volume = {5},
	Year = {1983},
	Bdsk-Url-1 = {https://doi.org/10.1145/2166.357214}}

@phdthesis{phd:Varacca03,
	Author = {Varacca, Daniele},
	Date-Added = {2020-07-09 01:08:41 -0400},
	Date-Modified = {2020-08-09 20:42:48 -0400},
	School = {University of Aarhus},
	Title = {{Probability, Nondeterminism and Concurrency: Two Denotational Models for Probabilistic Computation}},
	Year = {2003}}

@article{JMSCS:VW06,
	Author = {Varacca, Daniele and Winskel, Glynn},
	Date-Added = {2020-07-09 00:52:47 -0400},
	Date-Modified = {2020-08-09 22:13:24 -0400},
	Doi = {10.1017/S0960129505005074},
	Journal = jmscs,
	Month = {February},
	Number = {1},
	Title = {{Distributing Probability over Nondeterminism}},
	Volume = {16},
	Year = {2006},
	Bdsk-Url-1 = {https://doi.org/10.1017/S0960129505005074}}

@inproceedings{LICS:Varacca02,
	Author = {Varacca, Daniele},
	Booktitle = lics,
	Date-Added = {2020-07-09 00:51:48 -0400},
	Date-Modified = {2020-08-09 20:12:46 -0400},
	Doi = {10.1109/LICS.2002.1029838},
	Series = {LICS'02},
	Title = {{The Powerdomain of Indexed Valuations}},
	Year = {2002},
	Bdsk-Url-1 = {https://doi.org/10.1109/LICS.2002.1029838}}

@article{JTCS:MRS16,
	Author = {McIver, Annabelle K. and Rabehaja, Tahiry M. and Struth, Georg},
	Date-Added = {2020-07-08 23:51:54 -0400},
	Date-Modified = {2020-08-09 22:32:06 -0400},
	Doi = {10.1016/j.tcs.2016.01.016},
	Journal = jtcs,
	Month = {December},
	Number = {B},
	Title = {{Probabilistic Rely-Guarantee Calculus}},
	Volume = {655},
	Year = {2016},
	Bdsk-Url-1 = {https://doi.org/10.1016/j.tcs.2016.01.016}}

@inproceedings{ESOP:TCP13,
	Author = {Toninho, Bernardo and Caires, Lu{\'i}s and Pfenning, Frank},
	Booktitle = esop,
	Date-Added = {2020-07-08 21:00:16 -0400},
	Date-Modified = {2020-08-12 13:57:53 -0400},
	Doi = {10.1007/978-3-642-37036-6_20},
	Series = {ESOP'13},
	Title = {{Higher-Order Processes, Functions, and Sessions: A Monadic Integration}},
	Year = {2013},
	Bdsk-Url-1 = {https://doi.org/10.1007/978-3-642-37036-6_20}}

@inproceedings{ATVA:BKS19,
	Author = {Bartocci, Ezio and Kov{\'a}cs, Laura and Stankovi{\v c}, Miroslav},
	Booktitle = atva,
	Date-Added = {2020-07-08 15:52:00 -0400},
	Date-Modified = {2020-08-09 03:48:14 -0400},
	Doi = {10.1007/978-3-030-31784-3_15},
	Series = {ATVA'19},
	Title = {{Automatic Generation of Moment-Based Invariants for Prob-Solvable Loops}},
	Year = {2019},
	Bdsk-Url-1 = {https://doi.org/10.1007/978-3-030-31784-3_15}}

@inproceedings{CONCUR:CP10,
	Author = {Caires, Lu{\'i}s and Pfenning, Frank},
	Booktitle = concur,
	Date-Added = {2020-05-15 01:21:52 -0400},
	Date-Modified = {2020-08-12 13:57:44 -0400},
	Doi = {10.1007/978-3-642-15375-4_16},
	Series = {CONCUR'10},
	Title = {{Session Types as Intuitionistic Linear Propositions}},
	Year = {2010},
	Bdsk-Url-1 = {https://doi.org/10.1007/978-3-642-15375-4_16}}

@inproceedings{CONCUR:Honda93,
	Author = {Honda, Kohei},
	Booktitle = concur,
	Date-Added = {2020-05-15 01:19:46 -0400},
	Date-Modified = {2020-08-09 17:55:47 -0400},
	Doi = {10.1007/3-540-57208-2_35},
	Series = {CONCUR'93},
	Title = {{Types for Dyadic Interaction}},
	Year = {1993},
	Bdsk-Url-1 = {https://doi.org/10.1007/3-540-57208-2_35}}

@inproceedings{ESOP:CP19,
	Author = {Castellan, Simon and Paquet, Hugo},
	Booktitle = esop,
	Date-Added = {2020-04-16 21:37:45 -0400},
	Date-Modified = {2020-08-09 15:32:20 -0400},
	Doi = {10.1007/978-3-030-17184-1_12},
	Series = {ESOP'19},
	Title = {{Probabilistic Programming Inference via Intensional Semantics}},
	Year = {2019},
	Bdsk-Url-1 = {https://doi.org/10.1007/978-3-030-17184-1_12}}

@inproceedings{PPS:OV18,
	Author = {Ong, Luke and V{\'a}k{\'a}r, Matthijs},
	Booktitle = pps,
	Date-Added = {2020-04-16 21:36:26 -0400},
	Date-Modified = {2020-08-09 21:25:56 -0400},
	Series = {PPS'18},
	Title = {{S-finite Kernels and Game Semantics for Probabilistic Programming}},
	Year = {2018}}

@article{POPL:AP20,
	Author = {Abadi, Mart{\'i}n and Plotkin, Gordon D.},
	Date-Added = {2020-04-10 12:29:55 -0400},
	Date-Modified = {2020-08-12 13:58:18 -0400},
	Doi = {10.1145/3371106},
	Journal = pacmpl,
	Month = {December},
	Number = {POPL},
	Title = {{A Simple Differentiable Programming Language}},
	Volume = {4},
	Year = {2019},
	Bdsk-Url-1 = {https://doi.org/10.1145/3371106}}

@inproceedings{ICML:SKW15,
	Author = {Salimans, Tim and Kingma, Diederik P. and Welling, Max},
	Booktitle = icml,
	Date-Added = {2020-04-10 12:26:34 -0400},
	Date-Modified = {2020-08-09 16:27:50 -0400},
	Series = {ICML'15},
	Title = {{Markov Chain Monte Carlo and Variational Inference: Bridging the Gap}},
	Year = {2015}}

@inproceedings{ICLR:HB19,
	Author = {Habib, Raza and Barber, David},
	Booktitle = iclr,
	Date-Added = {2020-04-10 12:25:09 -0400},
	Date-Modified = {2020-08-09 03:58:39 -0400},
	Series = {ICLR'19},
	Title = {{Auxiliary Variational MCMC}},
	Year = {2019}}

@inproceedings{NIPS:DS18,
	Author = {Domke, Justin and Sheldon, Daniel},
	Booktitle = nips,
	Date-Added = {2020-04-10 12:24:21 -0400},
	Date-Modified = {2020-08-09 20:31:46 -0400},
	Series = {NIPS'18},
	Title = {{Importance Weighting and Variational Inference}},
	Url = {https://dl.acm.org/doi/10.5555/3327345.3327359},
	Year = {2018},
	Bdsk-Url-1 = {https://dl.acm.org/doi/10.5555/3327345.3327359}}

@inproceedings{UAI:dFHJ01,
	Author = {de Freitas, Nando and Hojen-Sorensen, Pedro and Jordan, Michael I. and Russell, Stuart},
	Booktitle = uai,
	Date-Added = {2020-04-10 12:15:38 -0400},
	Date-Modified = {2020-08-10 11:54:07 -0400},
	Series = {UAI'01},
	Title = {{Variational MCMC}},
	Url = {https://dl.acm.org/doi/10.5555/2074022.2074038},
	Year = {2001},
	Bdsk-Url-1 = {https://dl.acm.org/doi/10.5555/2074022.2074038}}

@misc{misc:OBJ19,
	Author = {Obermeyer, Fritz and Bingham, Eli and Jankowiak, Martin and Phan, Du and Chen, Jonathan P.},
	Date-Added = {2020-03-06 16:13:18 -0500},
	Date-Modified = {2020-08-09 15:13:15 -0400},
	Title = {{Functional Tensors for Probabilistic Programming}},
	Url = {https://arxiv.org/abs/1910.10775},
	Year = {2019},
	Bdsk-Url-1 = {https://arxiv.org/abs/1910.10775}}

@inproceedings{NIPS:SHW15,
	Author = {Schulman, John and Heess, Nicolas and Weber, Theophane and Abbeel, Pieter},
	Booktitle = nips,
	Date-Added = {2020-03-06 15:08:19 -0500},
	Date-Modified = {2020-08-09 20:34:31 -0400},
	Series = {NIPS'15},
	Title = {{Gradient Estimation Using Stochastic Computation Graphs}},
	Url = {https://dl.acm.org/doi/10.5555/2969442.2969633},
	Year = {2015},
	Bdsk-Url-1 = {https://dl.acm.org/doi/10.5555/2969442.2969633}}

@inproceedings{ICML:GMH19,
	Author = {Gorinova, Maria I. and Moore, Dave and Hoffman, Matthew D.},
	Booktitle = icml,
	Date-Added = {2020-03-06 14:54:29 -0500},
	Date-Modified = {2020-08-09 03:57:24 -0400},
	Series = {ICML'20},
	Title = {{Automatic Reparameterisation of Probabilistic Programs}},
	Year = {2020}}

@article{POPL:LCS20,
	Author = {Lew, Alexander K. and Cusumano-Towner, Marco F. and Sherman, Benjamin and Carbin, Michael and Mansinghka, Vikash K.},
	Date-Added = {2020-03-03 13:10:20 -0500},
	Date-Modified = {2020-08-09 21:18:23 -0400},
	Doi = {10.1145/3371087},
	Journal = pacmpl,
	Month = {December},
	Number = {POPL},
	Title = {{Trace Types and Denotational Semantics for Sound Programmable Inference in Probabilistic Languages}},
	Volume = {4},
	Year = {2019},
	Bdsk-Url-1 = {https://doi.org/10.1145/3371087}}

@inproceedings{ICFP:RP10,
	Author = {Reed, Jason and Pierce, Benjamin C.},
	Booktitle = icfp,
	Date-Added = {2020-03-03 12:58:58 -0500},
	Date-Modified = {2020-08-09 16:20:28 -0400},
	Doi = {10.1145/1932681.1863568},
	Series = {ICFP'10},
	Title = {{Distance Makes the Types Grow Stronger: A Calculus for Differential Privacy}},
	Year = {2010},
	Bdsk-Url-1 = {https://doi.org/10.1145/1932681.1863568}}

@inproceedings{POPL:GHH13,
	Author = {Gaboardi, Marco and Haeberlen, Andreas and Hsu, Justin and Narayan, Arjun and Pierce, Benjamin C.},
	Booktitle = popl,
	Date-Added = {2020-03-03 12:55:56 -0500},
	Date-Modified = {2020-08-09 21:08:42 -0400},
	Doi = {10.1145/2480359.2429113},
	Series = {POPL'13},
	Title = {{Linear Dependent Types for Differential Privacy}},
	Year = {2013},
	Bdsk-Url-1 = {https://doi.org/10.1145/2480359.2429113}}

@article{POPL:KML20,
	Author = {Kavvos, G. A. and Morehouse, Edward and Licata, Daniel R. and Danner, Norman},
	Date-Added = {2020-03-03 11:21:02 -0500},
	Date-Modified = {2020-08-09 21:16:21 -0400},
	Doi = {10.1145/3371083},
	Journal = pacmpl,
	Month = {December},
	Number = {POPL},
	Title = {{Recurrence Extraction for Functional Programs through Call-by-Push-Value}},
	Volume = {4},
	Year = {2019},
	Bdsk-Url-1 = {https://doi.org/10.1145/3371083}}

@article{POPL:RBG18,
	Author = {Radi{\v c}ek, Ivan and Barthe, Gilles and Gaboardi, Marco and Garg, Deepak and Zuleger, Florian},
	Date-Added = {2020-03-03 11:03:21 -0500},
	Date-Modified = {2020-08-09 21:20:48 -0400},
	Doi = {10.1145/3158124},
	Journal = pacmpl,
	Month = {December},
	Number = {POPL},
	Title = {{Monadic Refinements for Relational Cost Analysis}},
	Volume = {2},
	Year = {2017},
	Bdsk-Url-1 = {https://doi.org/10.1145/3158124}}

@inproceedings{FOSSACS:KH20,
	Author = {Kahn, David M. and Hoffmann, Jan},
	Booktitle = fossacs,
	Date-Added = {2020-03-02 15:50:25 -0500},
	Date-Modified = {2020-08-09 19:40:06 -0400},
	Doi = {10.1007/978-3-030-45231-5_19},
	Series = {FoSSaCS'20},
	Title = {{Exponential Automatic Amortized Resource Analysis}},
	Year = {2020},
	Bdsk-Url-1 = {https://doi.org/10.1007/978-3-030-45231-5_19}}

@incollection{kn:KY76,
	Author = {Knuth, Donald E. and Yao, Andrew C.},
	Booktitle = {Algorithms and Complexity: New Directions and Recent Results},
	Date-Added = {2020-02-29 18:09:27 -0500},
	Date-Modified = {2020-08-09 19:51:13 -0400},
	Publisher = {Academic Press},
	Title = {{The Complexity of Nonuniform Random Number Generation}},
	Year = {1976}}

@misc{misc:Djuric19,
	Author = {Djuric, Dragan},
	Date-Added = {2020-02-29 16:46:47 -0500},
	Date-Modified = {2020-08-09 04:07:39 -0400},
	Howpublished = {Available on \url{https://dragan.rocks/articles/19/Billion-random-numbers-blink-eye-Clojure}},
	Title = {{Billions of Random Numbers in a Blink of an Eye}},
	Year = {2019}}

@misc{misc:WW13,
	Author = {Wingate, David and Weber, Theophane},
	Date-Added = {2020-02-29 16:37:01 -0500},
	Date-Modified = {2020-08-09 03:39:02 -0400},
	Title = {{Automated Variational Inference in Probabilistic Programming}},
	Url = {https://arxiv.org/abs/1301.1299},
	Year = {2013},
	Bdsk-Url-1 = {https://arxiv.org/abs/1301.1299}}

@article{POPL:SFR20,
	Author = {Saad, Feras A. and Freer, Cameron E. and Rinard, Martin C. and Mansinghka, Vikash K.},
	Date-Added = {2020-02-29 00:17:17 -0500},
	Date-Modified = {2020-08-09 21:22:22 -0400},
	Doi = {10.1145/3371104},
	Journal = pacmpl,
	Month = {December},
	Number = {POPL},
	Title = {{Optimal Approximate Sampling from Discrete Probability Distributions}},
	Volume = {4},
	Year = {2019},
	Bdsk-Url-1 = {https://doi.org/10.1145/3371104}}

@inproceedings{FSE:FPV14,
	Author = {Filieri, Antonio and P{\u a}s{\u a}reanu, Corina S. and Visser, Willem and Geldenhuys, Jaco},
	Booktitle = fse,
	Date-Added = {2020-02-28 15:59:17 -0500},
	Date-Modified = {2020-08-09 16:13:27 -0400},
	Doi = {10.1145/2635868.2635899},
	Series = {FSE'14},
	Title = {{Statistical Symbolic Execution with Informed Sampling}},
	Year = {2014},
	Bdsk-Url-1 = {https://doi.org/10.1145/2635868.2635899}}

@inproceedings{ICSE:FPV13,
	Author = {Filieri, Antonio and P{\u a}s{\u a}reanu, Corina S. and Visser, Willem},
	Booktitle = icse,
	Date-Added = {2020-02-28 15:56:24 -0500},
	Date-Modified = {2020-08-09 16:39:44 -0400},
	Doi = {10.1109/ICSE.2013.6606608},
	Series = {ICSE'13},
	Title = {{Reliability Analysis in Symbolic Pathfinder}},
	Year = {2013},
	Bdsk-Url-1 = {https://doi.org/10.1109/ICSE.2013.6606608}}

@inproceedings{MICRO:WL94,
	Author = {Wu, Youfeng and Larus, James R.},
	Booktitle = micro,
	Date-Added = {2020-02-28 15:54:29 -0500},
	Date-Modified = {2020-08-09 20:03:53 -0400},
	Doi = {10.1145/192724.192725},
	Series = {MICRO'94},
	Title = {{Static Branch Frequency and Program Profile Analysis}},
	Year = {1994},
	Bdsk-Url-1 = {https://doi.org/10.1145/192724.192725}}

@inproceedings{ISSTA:GBV12,
	Author = {Geldenhuys, Jaco and Dwyer, Matthew B. and Visser, Willem},
	Booktitle = issta,
	Date-Added = {2020-02-28 15:51:19 -0500},
	Date-Modified = {2020-08-09 16:49:56 -0400},
	Doi = {10.1145/2338965.2336773},
	Series = {ISSTA'12},
	Title = {{Probabilistic Symbolic Execution}},
	Year = {2012},
	Bdsk-Url-1 = {https://doi.org/10.1145/2338965.2336773}}

@inproceedings{ICSE:CLL16,
	Author = {Chen, Bihuan and Liu, Yang and Le, Wei},
	Booktitle = icse,
	Date-Added = {2020-02-28 15:50:20 -0500},
	Date-Modified = {2020-08-09 16:38:56 -0400},
	Doi = {10.1145/2884781.2884794},
	Series = {ICSE'16},
	Title = {{Generating Performance Distributions via Probabilistic Symbolic Execution}},
	Year = {2016},
	Bdsk-Url-1 = {https://doi.org/10.1145/2884781.2884794}}

@inproceedings{PLDI:Ramalingam96,
	Author = {Ramalingam, Ganesan},
	Booktitle = pldi,
	Date-Added = {2020-02-28 11:44:33 -0500},
	Date-Modified = {2020-08-09 20:51:27 -0400},
	Doi = {10.1145/231379.231433},
	Series = {PLDI'96},
	Title = {{Data Flow Frequency Analysis}},
	Year = {1996},
	Bdsk-Url-1 = {https://doi.org/10.1145/231379.231433}}

@inproceedings{ASPLOS:DS06,
	Author = {Da Silva, Jeff and Steffan, J. Gregory},
	Booktitle = asplos,
	Date-Added = {2020-02-28 11:18:56 -0500},
	Date-Modified = {2020-08-06 03:02:09 -0400},
	Doi = {10.1145/1168857.1168908},
	Series = {ASPLOS'06},
	Title = {{A Probabilistic Pointer Analysis for Speculative Optimizations}},
	Year = {2006},
	Bdsk-Url-1 = {https://doi.org/10.1145/1168857.1168908}}

@inproceedings{APLAS:HH10,
	Author = {Hoffmann, Jan and Hofmann, Martin},
	Booktitle = aplas,
	Date-Added = {2020-02-27 14:38:06 -0500},
	Date-Modified = {2020-08-09 03:05:23 -0400},
	Doi = {10.1007/978-3-642-17164-2_13},
	Series = {APLAS'10},
	Title = {{Amortized Resource Analysis with Polymorphic Recursion and Partial Big-Step Operational Semantics}},
	Year = {2010},
	Bdsk-Url-1 = {https://doi.org/10.1007/978-3-642-17164-2_13}}

@book{book:MonteCarlo16,
	Author = {Rubinstein, Reuven Y. and Kroese, Dirk P.},
	Date-Added = {2019-11-20 20:55:38 -0500},
	Date-Modified = {2020-08-09 14:51:21 -0400},
	Doi = {10.1002/9781118631980},
	Publisher = {John Wiley \& Sons, Inc.},
	Title = {{Simulation and the Monte Carlo Method}},
	Year = {2016},
	Bdsk-Url-1 = {https://doi.org/10.1002/9781118631980}}

@inproceedings{PLDI:FP91,
	Author = {Freeman, Tim and Pfenning, Frank},
	Booktitle = pldi,
	Date-Added = {2019-11-19 19:49:33 -0500},
	Date-Modified = {2020-08-09 20:46:47 -0400},
	Doi = {10.1145/113446.113468},
	Series = {PLDI'91},
	Title = {{Refinement Types for ML}},
	Year = {1991},
	Bdsk-Url-1 = {https://doi.org/10.1145/113446.113468}}

@inproceedings{ESOP:VRJ13,
	Author = {Vazou, Niki and Rondon, Patrick M. and Jhala, Ranjit},
	Booktitle = esop,
	Date-Added = {2019-11-19 12:06:27 -0500},
	Date-Modified = {2020-08-09 02:35:49 -0400},
	Doi = {10.1007/978-3-642-37036-6_13},
	Series = {ESOP'13},
	Title = {{Abstract Refinement Types}},
	Year = {2013},
	Bdsk-Url-1 = {https://doi.org/10.1007/978-3-642-37036-6_13}}

@inproceedings{POPL:HPS96,
	Author = {Hughes, John and Pareto, Lars and Sabry, Amr},
	Booktitle = popl,
	Date-Added = {2019-11-19 12:01:40 -0500},
	Date-Modified = {2020-08-09 21:13:27 -0400},
	Doi = {10.1145/237721.240882},
	Series = {POPL'96},
	Title = {{Proving the Correctness of Reactive Systems Using Sized Types}},
	Year = {1996},
	Bdsk-Url-1 = {https://doi.org/10.1145/237721.240882}}

@inproceedings{PLDI:RKJ08,
	Author = {Rondon, Patrick M. and Kawaguchi, Ming and Jhala, Ranjit},
	Booktitle = pldi,
	Date-Added = {2019-11-19 11:54:30 -0500},
	Date-Modified = {2020-08-09 20:52:02 -0400},
	Doi = {10.1145/1379022.1375602},
	Series = {PLDI'08},
	Title = {{Liquid Types}},
	Year = {2008},
	Bdsk-Url-1 = {https://doi.org/10.1145/1379022.1375602}}

@inproceedings{PLDI:XP98,
	Author = {Xi, Hongwei and Pfenning, Frank},
	Booktitle = pldi,
	Date-Added = {2019-11-19 11:52:44 -0500},
	Date-Modified = {2020-08-09 20:55:00 -0400},
	Doi = {10.1145/277650.277732},
	Series = {PLDI'98},
	Title = {{Eliminating Array Bound Checking Through Dependent Types}},
	Year = {1998},
	Bdsk-Url-1 = {https://doi.org/10.1145/277650.277732}}

@inproceedings{POPL:XP99,
	Author = {Xi, Hongwei and Pfenning, Frank},
	Booktitle = popl,
	Date-Added = {2019-11-19 11:51:16 -0500},
	Date-Modified = {2020-08-09 21:24:25 -0400},
	Doi = {10.1145/292540.292560},
	Series = {POPL'99},
	Title = {{Dependent Types in Practical Programming}},
	Year = {1999},
	Bdsk-Url-1 = {https://doi.org/10.1145/292540.292560}}

@phdthesis{phd:Xi98,
	Author = {Xi, Hongwei},
	Date-Added = {2019-11-19 11:50:10 -0500},
	Date-Modified = {2020-08-09 20:43:08 -0400},
	School = {Carnegie Mellon University},
	Title = {{Dependent Types in Practical Programming}},
	Year = {1998}}

@misc{misc:GLPK,
	Author = {Website},
	Date-Added = {2019-11-16 13:24:14 -0500},
	Date-Modified = {2019-11-16 13:56:38 -0500},
	Howpublished = {Available on \url{https://www.gnu.org/software/glpk}},
	Title = {{GLPK (GNU Linear Programming Kit)}},
	Year = {2019}}

@inproceedings{PODS:SV91,
	Author = {Sohn, Kirack and Van Gelder, Allen},
	Booktitle = pods,
	Date-Added = {2019-11-12 13:55:39 -0500},
	Date-Modified = {2020-08-10 11:32:08 -0400},
	Doi = {10.1145/113413.113433},
	Series = {PODS'91},
	Title = {{Termination Detection in Logic Programs using Argument Sizes}},
	Year = {1991},
	Bdsk-Url-1 = {https://doi.org/10.1145/113413.113433}}

@inproceedings{VMCAI:PR04,
	Author = {Podelski, Andreas and Rybalchenko, Andrey},
	Booktitle = vmcai,
	Date-Added = {2019-11-12 13:53:48 -0500},
	Date-Modified = {2020-08-06 02:10:16 -0400},
	Doi = {10.1007/978-3-540-24622-0_20},
	Series = {VMCAI'04},
	Title = {{A Complete Method for the Synthesis of Linear Ranking Functions}},
	Year = {2004},
	Bdsk-Url-1 = {https://doi.org/10.1007/978-3-540-24622-0_20}}

@inproceedings{TACAS:CS01,
	Author = {Col{\'o}on, Michael A. and Sipma, Henny B.},
	Booktitle = tacas,
	Date-Added = {2019-11-12 13:51:04 -0500},
	Date-Modified = {2020-08-09 21:40:29 -0400},
	Doi = {10.1007/3-540-45319-9_6},
	Series = {TACAS'01},
	Title = {{Synthesis of Linear Ranking Functions}},
	Year = {2001},
	Bdsk-Url-1 = {https://doi.org/10.1007/3-540-45319-9_6}}

@inproceedings{CAV:BMS05,
	Author = {Bradley, Aaron R. and Manna, Zohar and Sipma, Henny B.},
	Booktitle = cav,
	Date-Added = {2019-11-12 13:48:43 -0500},
	Date-Modified = {2020-08-09 14:59:55 -0400},
	Doi = {10.1007/11513988_48},
	Series = {CAV'05},
	Title = {{Linear Ranking with Reachability}},
	Year = {2005},
	Bdsk-Url-1 = {https://doi.org/10.1007/11513988_48}}

@article{SAM:Floyd67,
	Author = {Floyd, Robert W.},
	Date-Added = {2019-11-12 13:37:18 -0500},
	Date-Modified = {2020-08-09 17:44:47 -0400},
	Journal = sam,
	Title = {{Assigning Meanings to Programs}},
	Volume = {19},
	Year = {1967}}

@article{JAMIA:JC10,
	Author = {Jiang, Xia and Cooper, Gregory F.},
	Date-Added = {2019-11-11 21:27:05 -0500},
	Date-Modified = {2020-08-09 17:56:27 -0400},
	Doi = {10.1136/jamia.2009.000356},
	Journal = jamia,
	Month = {July},
	Number = {4},
	Title = {{A Bayesian spatio-temporal method for disease outbreak detection}},
	Volume = {17},
	Year = {2010},
	Bdsk-Url-1 = {https://doi.org/10.1136/jamia.2009.000356}}

@inproceedings{LICS:ALG19,
	Author = {Avanzini, Martin and Lago, Ugo Dal and Ghyselen, Alexis},
	Booktitle = lics,
	Date-Added = {2019-11-02 20:14:16 -0400},
	Date-Modified = {2020-08-10 11:39:11 -0400},
	Doi = {10.1109/LICS.2019.8785725},
	Series = {LICS'19},
	Title = {{Type-Based Complexity Analysis of Probabilistic Functional Programs}},
	Year = {2019},
	Bdsk-Url-1 = {https://doi.org/10.1109/LICS.2019.8785725}}

@article{TOPLAS:LG19,
	Author = {Lago, Ugo Dal and Grellois, Charles},
	Date-Added = {2019-11-02 20:11:39 -0400},
	Date-Modified = {2020-08-10 11:38:46 -0400},
	Doi = {10.1145/3293605},
	Journal = toplas,
	Month = {June},
	Number = {2},
	Title = {{Probabilistic Termination by Monadic Affine Sized Typing}},
	Volume = {41},
	Year = {2019},
	Bdsk-Url-1 = {https://doi.org/10.1145/3293605}}

@inproceedings{DICE:LG18,
	Author = {Lago, Ugo Dal and Ghyselen, Alexis},
	Booktitle = dice,
	Date-Added = {2019-11-02 19:11:26 -0400},
	Date-Modified = {2020-08-10 11:38:53 -0400},
	Series = {DICE'18},
	Title = {{On Linear Dependent Types and Probabilistic Termination}},
	Year = {2018}}

@misc{misc:dippl,
	Author = {Goodman, Noah D. and Stuhlm{\"u}ller, Andreas},
	Date-Added = {2019-10-25 21:30:54 -0400},
	Date-Modified = {2020-08-09 20:19:28 -0400},
	Howpublished = {Available on \url{http://dippl.org}},
	Title = {{The Design and Implementation of Probabilistic Programming Languages}},
	Year = {2014}}

@misc{misc:CF17,
	Author = {Chatterjee, Krishnendu and Fu, Hongfei},
	Date-Added = {2019-08-26 20:25:06 -0400},
	Date-Modified = {2020-08-09 15:11:24 -0400},
	Title = {{Termination of Nondeterministic Recursive Probabilistic Programs}},
	Url = {https://arxiv.org/abs/1701.02944},
	Year = {2017},
	Bdsk-Url-1 = {https://arxiv.org/abs/1701.02944}}

@inproceedings{LICS:KK17,
	Author = {Kaminski, Benjamin Lucien and Katoen, Joost-Pieter},
	Booktitle = lics,
	Date-Added = {2019-08-26 20:23:30 -0400},
	Date-Modified = {2020-08-06 03:16:08 -0400},
	Doi = {10.1109/LICS.2017.8005153},
	Series = {LICS'17},
	Title = {{A Weakest Pre-Expectation Semantics for Mixed-Sign Expectations}},
	Year = {2017},
	Bdsk-Url-1 = {https://doi.org/10.1109/LICS.2017.8005153}}

@book{book:Williams91,
	Author = {Williams, David},
	Date-Added = {2019-08-25 17:44:27 -0400},
	Date-Modified = {2020-08-09 14:56:25 -0400},
	Doi = {10.1017/CBO9780511813658},
	Publisher = {Cambridge University Press},
	Title = {{Probability with Martingales}},
	Year = {1991},
	Bdsk-Url-1 = {https://doi.org/10.1017/CBO9780511813658}}

@inproceedings{PLDI:ZXM19,
	Author = {Zhu, He and Xiong, Zikang and Magill, Stephen and Jagannathan, Suresh},
	Booktitle = pldi,
	Date-Added = {2019-08-21 09:40:51 -0400},
	Date-Modified = {2020-08-09 03:15:30 -0400},
	Doi = {10.1145/3314221.3314638},
	Series = {PLDI'19},
	Title = {{An Inductive Synthesis Framework for Verifiable Reinforcement Learning}},
	Year = {2019},
	Bdsk-Url-1 = {https://doi.org/10.1145/3314221.3314638}}

@inproceedings{PLDI:NOR15,
	Author = {Nori, Aditya V. and Ozair, Sherjil and Rajamani, Sriram K. and Vijaykeerthy, Deepak},
	Booktitle = pldi,
	Date-Added = {2019-08-21 00:43:25 -0400},
	Date-Modified = {2020-08-09 20:49:48 -0400},
	Doi = {10.1145/2737924.2737982},
	Series = {PLDI'15},
	Title = {{Efficient Synthesis of Probabilistic Programs}},
	Year = {2015},
	Bdsk-Url-1 = {https://doi.org/10.1145/2737924.2737982}}

@inproceedings{PLDI:MSH18,
	Author = {Mansinghka, Vikash K. and Schaechtle, Ulrich and Handa, Shivam and Radul, Alexey and Chen, Yutian and Rinard, Martin C.},
	Booktitle = pldi,
	Date-Added = {2019-08-21 00:37:58 -0400},
	Date-Modified = {2020-08-09 21:22:35 -0400},
	Doi = {10.1145/3296979.3192409},
	Series = {PLDI'18},
	Title = {{Probabilistic Programming with Programmable Inference}},
	Year = {2018},
	Bdsk-Url-1 = {https://doi.org/10.1145/3296979.3192409}}

@inproceedings{PLDI:CSL19,
	Author = {Cusumano-Towner, Marco F. and Saad, Feras A. and Lew, Alexander K. and Mansinghka, Vikash K.},
	Booktitle = pldi,
	Date-Added = {2019-08-21 00:34:38 -0400},
	Date-Modified = {2020-08-09 20:45:43 -0400},
	Doi = {10.1145/3314221.3314642},
	Series = {PLDI'19},
	Title = {{Gen: A General-Purpose Probabilistic Programming System with Programmable Inference}},
	Year = {2019},
	Bdsk-Url-1 = {https://doi.org/10.1145/3314221.3314642}}

@article{JMLR:BCJ18,
	Author = {Bingham, Eli and Chen, Jonathan P. and Jankowiak, Martin and Obermeyer, Fritz and Pradhan, Neeraj and Karaletsos, Theofanis and Singh, Rishabh and Szerlip, Paul and Horsfall, Paul and Goodman, Noah D.},
	Date-Added = {2019-08-20 21:15:37 -0400},
	Date-Modified = {2020-08-09 17:02:54 -0400},
	Journal = jmlr,
	Month = {January},
	Number = {1},
	Title = {{Pyro: Deep Universal Probabilistic Programming}},
	Url = {https://dl.acm.org/doi/10.5555/3322706.3322734},
	Volume = {20},
	Year = {2018},
	Bdsk-Url-1 = {https://dl.acm.org/doi/10.5555/3322706.3322734}}

@inproceedings{MAPL:AAD19,
	Author = {Ai, Jessica and Arora, Nimar S. and Dong, Ning and Gokkaya, Beliz and Jiang, Thomas and Kubendran, Anitha and Kumar, Arun and Tingley, Michael and Torabi, Narjes},
	Booktitle = mapl,
	Date-Added = {2019-08-20 21:12:44 -0400},
	Date-Modified = {2020-08-09 20:15:01 -0400},
	Doi = {10.1145/3315508.3329974},
	Series = {MAPL'19},
	Title = {{HackPPL: A Universal Probabilistic Programming Language}},
	Year = {2019},
	Bdsk-Url-1 = {https://doi.org/10.1145/3315508.3329974}}

@inproceedings{ICLR:THS17,
	Author = {Tran, Dustin and Hoffman, Matthew D. and Saurous, Rif A. and Brevdo, Eugene and Murphy, Kevin and Blei, David M.},
	Booktitle = iclr,
	Date-Added = {2019-08-20 21:10:45 -0400},
	Date-Modified = {2020-08-09 16:24:18 -0400},
	Series = {ICLR'17},
	Title = {{Deep Probabilistic Programming}},
	Year = {2017}}

@inproceedings{DSC:Plummer03,
	Author = {Plummer, Martyn},
	Booktitle = dsc,
	Date-Added = {2019-08-20 21:07:11 -0400},
	Date-Modified = {2020-08-09 19:58:48 -0400},
	Series = {DSC'03},
	Title = {{JAGS: A Program for Analysis of Bayesian Graphical Models using Gibbs Sampling}},
	Year = {2003}}

@article{JRSS:GTS97,
	Author = {Gilks, W. R. and Thomas, A. and Spiegelhalter, D. J.},
	Date-Added = {2019-08-20 21:04:00 -0400},
	Date-Modified = {2020-08-09 17:50:05 -0400},
	Doi = {10.2307/2348941},
	Journal = jrss,
	Month = {January},
	Number = {1},
	Title = {{A Language and Program for Complex Bayesian Modelling}},
	Volume = {43},
	Year = {1994},
	Bdsk-Url-1 = {https://doi.org/10.2307/2348941}}

@article{JASA:BKM17,
	Author = {Blei, David M. and Kucukelbir, Alp and McAuliffe, Jon D.},
	Date-Added = {2019-08-20 20:51:49 -0400},
	Date-Modified = {2020-08-09 17:17:31 -0400},
	Doi = {10.1080/01621459.2017.1285773},
	Journal = jasa,
	Month = {July},
	Number = {518},
	Title = {{Variational Inference: A Review for Statisticians}},
	Volume = {12},
	Year = {2017},
	Bdsk-Url-1 = {https://doi.org/10.1080/01621459.2017.1285773}}

@article{JMLR:KTR17,
	Author = {Kucukelbir, Alp and Tran, Dustin and Ranganath, Rajesh and Gelman, Andrew and Blei, David M.},
	Date-Added = {2019-08-20 20:47:56 -0400},
	Date-Modified = {2020-08-09 03:45:54 -0400},
	Journal = jmlr,
	Month = {January},
	Number = {1},
	Title = {{Automatic Differentiation Variational Inference}},
	Url = {https://dl.acm.org/doi/10.5555/3122009.3122023},
	Volume = {18},
	Year = {2017},
	Bdsk-Url-1 = {https://dl.acm.org/doi/10.5555/3122009.3122023}}

@article{JRSS:DDJ06,
	Author = {Del Moral, Pierre and Doucet, Arnaud and Jasra, Ajay},
	Date-Added = {2019-08-20 20:44:25 -0400},
	Date-Modified = {2020-08-09 17:40:30 -0400},
	Journal = jrss,
	Month = {January},
	Number = {3},
	Title = {{Sequential Monte Carlo Samplers}},
	Url = {https://www.jstor.org/stable/3879283},
	Volume = {68},
	Year = {2006},
	Bdsk-Url-1 = {https://www.jstor.org/stable/3879283}}

@misc{misc:RHG16,
	Author = {Ritchie, Daniel and Horsfall, Paul and Goodman, Noah D.},
	Date-Added = {2019-08-20 20:40:59 -0400},
	Date-Modified = {2020-08-09 15:10:47 -0400},
	Title = {{Deep Amortized Inference for Probabilistic Programs}},
	Url = {https://arxiv.org/abs/1610.05735},
	Year = {2016},
	Bdsk-Url-1 = {https://arxiv.org/abs/1610.05735}}

@inproceedings{POPL:SR17,
	Author = {Shan, Chung-chieh and Ramsey, Norman},
	Booktitle = popl,
	Date-Added = {2019-08-20 20:35:30 -0400},
	Date-Modified = {2020-08-09 21:23:18 -0400},
	Doi = {10.1145/3009837.3009852},
	Series = {POPL'17},
	Title = {{Exact Bayesian Inference by Symbolic Disintegration}},
	Year = {2017},
	Bdsk-Url-1 = {https://doi.org/10.1145/3009837.3009852}}

@inproceedings{POPL:Goodman13,
	Author = {Goodman, Noah D.},
	Booktitle = popl,
	Date-Added = {2019-08-20 20:32:56 -0400},
	Date-Modified = {2020-08-09 21:10:37 -0400},
	Doi = {10.1145/2429069.2429117},
	Series = {POPL'13},
	Title = {{The Principles and Practice of Probabilistic Programming}},
	Year = {2013},
	Bdsk-Url-1 = {https://doi.org/10.1145/2429069.2429117}}

@inproceedings{ICML:LJK10,
	Author = {Liang, Percy and Jordan, Michael I. and Klein, Dan},
	Booktitle = icml,
	Date-Added = {2019-08-05 10:12:49 -0400},
	Date-Modified = {2020-08-09 16:26:48 -0400},
	Series = {ICML'10},
	Title = {{Learning Programs: A Hierarchical Bayesian Approach}},
	Year = {2010}}

@inproceedings{NIPS:EST16,
	Author = {Ellis, Kevin and Solar-Lezama, Armando and Tenenbaum, Joshua B.},
	Booktitle = nips,
	Date-Added = {2019-08-05 10:09:24 -0400},
	Date-Modified = {2020-08-09 20:32:49 -0400},
	Series = {NIPS'16},
	Title = {{Sampling for Bayesian Program Learning}},
	Url = {https://dl.acm.org/doi/10.5555/3157096.3157241},
	Year = {2016},
	Bdsk-Url-1 = {https://dl.acm.org/doi/10.5555/3157096.3157241}}

@misc{misc:AutoAI,
	Author = {Website},
	Date-Added = {2019-08-05 09:54:18 -0400},
	Date-Modified = {2019-08-05 09:56:38 -0400},
	Howpublished = {Available on \url{https://www.ibm.com/cloud/watson-studio/autoai}},
	Title = {{Watson Studio - AutoAI | IBM}},
	Year = {2019}}

@inproceedings{DASC:MJ16,
	Author = {Manfredi, Guido and Jestin, Yannick},
	Booktitle = dasc,
	Date-Added = {2019-07-30 16:30:28 -0400},
	Date-Modified = {2020-08-09 19:54:24 -0400},
	Doi = {10.1109/DASC.2016.7778055},
	Series = {DASC'16},
	Title = {{An Introduction to ACAS Xu and the Challenges Ahead}},
	Year = {2016},
	Bdsk-Url-1 = {https://doi.org/10.1109/DASC.2016.7778055}}

@article{SIGACT:AT17,
	Author = {Alur, Rajeev and Tripakis, Stavros},
	Date-Added = {2019-07-30 16:07:03 -0400},
	Date-Modified = {2020-08-09 21:35:32 -0400},
	Doi = {10.1145/3061640.3061652},
	Journal = sigact,
	Month = {March},
	Number = {1},
	Title = {{Automatic Synthesis of Distributed Protocols}},
	Volume = {48},
	Year = {2017},
	Bdsk-Url-1 = {https://doi.org/10.1145/3061640.3061652}}

@inproceedings{NIPS:ES15,
	Author = {Ellis, Kevin and Solar-Lezama, Armando},
	Booktitle = nips,
	Date-Added = {2019-07-30 15:58:02 -0400},
	Date-Modified = {2020-08-09 20:32:18 -0400},
	Series = {NIPS'15},
	Title = {{Unsupervised Learning by Program Synthesis}},
	Url = {https://dl.acm.org/doi/10.5555/2969239.2969348},
	Year = {2015},
	Bdsk-Url-1 = {https://dl.acm.org/doi/10.5555/2969239.2969348}}

@inproceedings{UAI:MKT06,
	Author = {Mansinghka, Vikash K. and Kemp, Charles and Tenenbaum, Joshua B. and Griffiths, Thomas L.},
	Booktitle = uai,
	Date-Added = {2019-07-30 15:48:17 -0400},
	Date-Modified = {2020-08-09 21:59:17 -0400},
	Series = {UAI'06},
	Title = {{Structured Priors for Structure Learning}},
	Url = {https://dl.acm.org/doi/10.5555/3020419.3020459},
	Year = {2006},
	Bdsk-Url-1 = {https://dl.acm.org/doi/10.5555/3020419.3020459}}

@inproceedings{ICML:DLG13,
	Author = {Duvenaud, David and Lloyd, James and Grosse, Roger and Tenenbaum, Joshua B. and Zoubin, Ghahramani},
	Booktitle = icml,
	Date-Added = {2019-07-30 15:46:26 -0400},
	Date-Modified = {2020-08-09 16:25:33 -0400},
	Series = {ICML'13},
	Title = {{Structure Discovery in Nonparametric Regression through Compositional Kernel Search}},
	Year = {2013}}

@inproceedings{NIPS:BBB11,
	Author = {Bergstra, James and Bardenet, R{\'e}mi and Bengio, Yoshua and K{\'e}gl, Bal{\'a}zs},
	Booktitle = nips,
	Date-Added = {2019-07-30 15:39:20 -0400},
	Date-Modified = {2020-08-09 02:53:52 -0400},
	Series = {NIPS'11},
	Title = {{Algorithms for Hyper-Parameter Optimization}},
	Url = {https://dl.acm.org/doi/10.5555/2986459.2986743},
	Year = {2011},
	Bdsk-Url-1 = {https://dl.acm.org/doi/10.5555/2986459.2986743}}

@inproceedings{NIPS:FKE15,
	Author = {Feurer, Matthias and Klein, Aaron and Eggensperger, Katharina and Springenberg, Jost Tobias and Blum, Manuel and Hutter, Frank},
	Booktitle = nips,
	Date-Added = {2019-07-30 15:19:30 -0400},
	Date-Modified = {2020-08-09 20:33:55 -0400},
	Series = {NIPS'15},
	Title = {{Efficient and Robust Automated Machine Learning}},
	Url = {https://dl.acm.org/doi/10.5555/2969442.2969547},
	Year = {2015},
	Bdsk-Url-1 = {https://dl.acm.org/doi/10.5555/2969442.2969547}}

@inproceedings{ICLR:BGB17,
	Author = {Balog, Matej and Gaunt, Alexander L. and Brockschmidt, Marc and Nowozin, Sebastian and Tarlow, Daniel},
	Booktitle = iclr,
	Date-Added = {2019-07-30 14:58:59 -0400},
	Date-Modified = {2020-08-09 16:21:58 -0400},
	Series = {ICLR'17},
	Title = {{DeepCoder: Learning to Write Programs}},
	Year = {2017}}

@inproceedings{PLDI:URD13,
	Author = {Udupa, Abhishek and Raghavan, Arun and Deshmukh, Jyotirmoy V. and Mador-Haim, Sela and Martin, Milo M. K. and Alur, Rajeev},
	Booktitle = pldi,
	Date-Added = {2019-07-30 14:55:35 -0400},
	Date-Modified = {2020-08-09 22:25:51 -0400},
	Doi = {10.1145/2491956.2462174},
	Series = {PLDI'13},
	Title = {{TRANSIT: Specifying Protocols with Concolic Snippets}},
	Year = {2013},
	Bdsk-Url-1 = {https://doi.org/10.1145/2491956.2462174}}

@inproceedings{ASPLOS:SSA13,
	Author = {Schkufza, Eric and Sharma, Rahul and Aiken, Alex},
	Booktitle = asplos,
	Date-Added = {2019-07-30 14:47:13 -0400},
	Date-Modified = {2020-08-09 14:34:10 -0400},
	Doi = {10.1145/2451116.2451150},
	Series = {ASPLOS'13},
	Title = {{Stochastic Superoptimization}},
	Year = {2013},
	Bdsk-Url-1 = {https://doi.org/10.1145/2451116.2451150}}

@inproceedings{ONWARD:TB13,
	Author = {Torlak, Emina and Bodik, Rastislav},
	Booktitle = onward,
	Date-Added = {2019-07-30 14:38:15 -0400},
	Date-Modified = {2020-08-09 20:36:43 -0400},
	Doi = {10.1145/2509578.2509586},
	Series = {Onward!'13},
	Title = {{Growing Solver-Aided Languages with Rosette}},
	Year = {2013},
	Bdsk-Url-1 = {https://doi.org/10.1145/2509578.2509586}}

@inproceedings{POPL:DPG15,
	Author = {Delaware, Benjamin and Pit-Claudel, Cl{\'e}ment and Gross, Jason and Chlipala, Adam},
	Booktitle = popl,
	Date-Added = {2019-07-30 14:30:25 -0400},
	Date-Modified = {2020-08-09 21:04:09 -0400},
	Doi = {10.1145/2775051.2677006},
	Series = {POPL'15},
	Title = {{Fiat: Deductive Synthesis of Abstract Data Types in a Proof Assistant}},
	Year = {2015},
	Bdsk-Url-1 = {https://doi.org/10.1145/2775051.2677006}}

@article{TOPLAS:MW80,
	Author = {Manna, Zohar and Waldinger, Richard},
	Date-Added = {2019-07-30 14:28:07 -0400},
	Date-Modified = {2020-08-06 02:19:42 -0400},
	Doi = {10.1145/357084.357090},
	Journal = toplas,
	Month = {January},
	Number = {1},
	Title = {{A Deductive Approach to Program Synthesis}},
	Volume = {2},
	Year = {1980},
	Bdsk-Url-1 = {https://doi.org/10.1145/357084.357090}}

@inproceedings{POPL:BTG16,
	Author = {Bornholt, James and Torlak, Emina and Grossman, Dan and Ceze, Luis},
	Booktitle = popl,
	Date-Added = {2019-07-30 14:27:06 -0400},
	Date-Modified = {2020-08-09 20:59:47 -0400},
	Doi = {10.1145/2837614.2837666},
	Series = {POPL'16},
	Title = {{Optimizing Synthesis with Metasketches}},
	Year = {2016},
	Bdsk-Url-1 = {https://doi.org/10.1145/2837614.2837666}}

@inproceedings{PLDI:OZ15,
	Author = {Osera, Peter-Michael and Zdancewic, Steve},
	Booktitle = pldi,
	Date-Added = {2019-07-30 14:23:54 -0400},
	Date-Modified = {2020-08-09 20:50:28 -0400},
	Doi = {10.1145/2737924.2738007},
	Series = {PLDI'15},
	Title = {{Type-and-Example-Directed Program Synthesis}},
	Year = {2015},
	Bdsk-Url-1 = {https://doi.org/10.1145/2737924.2738007}}

@inproceedings{PLDI:KWP19,
	Author = {Knoth, Tristan and Wang, Di and Polikarpova, Nadia and Hoffmann, Jan},
	Booktitle = pldi,
	Date-Added = {2019-07-30 14:22:09 -0400},
	Date-Modified = {2020-08-06 01:20:50 -0400},
	Doi = {10.1145/3314221.3314602},
	Series = {PLDI'19},
	Title = {{Resource-Guided Program Synthesis}},
	Year = {2019},
	Bdsk-Url-1 = {https://doi.org/10.1145/3314221.3314602}}

@inproceedings{PLDI:PKS16,
	Author = {Polikarpova, Nadia and Kuraj, Ivan and Solar-Lezama, Armando},
	Booktitle = pldi,
	Date-Added = {2019-07-30 14:20:45 -0400},
	Date-Modified = {2020-08-09 20:51:03 -0400},
	Doi = {10.1145/2908080.2908093},
	Series = {PLDI'16},
	Title = {{Program Synthesis from Polymorphic Refinement Types}},
	Year = {2016},
	Bdsk-Url-1 = {https://doi.org/10.1145/2908080.2908093}}

@inproceedings{FMCAD:ABJ13,
	Author = {Alur, Rajeev and Bodik, Rastislav and Juniwal, Garvit and Martin, Milo M. K. and Raghothaman, Mukund and Seshia, Sanjit A. and Singh, Rishabh and Solar-Lezama, Armando and Torlak, Emina and Udupa, Abhishek},
	Booktitle = fmcad,
	Date-Added = {2019-07-30 14:18:39 -0400},
	Date-Modified = {2020-08-09 20:53:57 -0400},
	Doi = {10.1109/FMCAD.2013.6679385},
	Series = {FMCAD'13},
	Title = {{Syntax-Guided Synthesis}},
	Year = {2013},
	Bdsk-Url-1 = {https://doi.org/10.1109/FMCAD.2013.6679385}}

@inproceedings{POPL:Gulwani11,
	Author = {Gulwani, Sumit},
	Booktitle = popl,
	Date-Added = {2019-07-30 14:17:51 -0400},
	Date-Modified = {2020-08-09 03:52:59 -0400},
	Doi = {10.1145/1926385.1926423},
	Series = {POPL'11},
	Title = {{Automating String Processing in Spreadsheets Using Input-Output Examples}},
	Year = {2011},
	Bdsk-Url-1 = {https://doi.org/10.1145/1926385.1926423}}

@inproceedings{PLDI:FCD15,
	Author = {Feser, John K. and Chaudhuri, Swarat and Dillig, Isil},
	Booktitle = pldi,
	Date-Added = {2019-07-30 14:16:58 -0400},
	Date-Modified = {2020-08-09 20:46:19 -0400},
	Doi = {10.1145/2737924.2737977},
	Series = {PLDI'15},
	Title = {{Synthesizing Data Structure Transformations from Input-Output Examples}},
	Year = {2015},
	Bdsk-Url-1 = {https://doi.org/10.1145/2737924.2737977}}

@inproceedings{PLDI:GJT11,
	Author = {Gulwani, Sumit and Jha, Susmit and Tiwari, Ashish},
	Booktitle = pldi,
	Date-Added = {2019-07-30 14:15:35 -0400},
	Date-Modified = {2020-08-09 22:35:14 -0400},
	Doi = {10.1145/1993498.1993506},
	Series = {PLDI'11},
	Title = {{Synthesis of Loop-Free Programs}},
	Year = {2011},
	Bdsk-Url-1 = {https://doi.org/10.1145/1993498.1993506}}

@inproceedings{ICSE:JGS10,
	Author = {Jha, Susmit and Gulwani, Sumit and Seshia, Sanjit A. and Tiwari, Ashish},
	Booktitle = icse,
	Date-Added = {2019-07-30 14:13:59 -0400},
	Date-Modified = {2020-08-09 16:40:46 -0400},
	Doi = {10.1145/1806799.1806833},
	Series = {ICSE'10},
	Title = {{Oracle-Guided Component-Based Program Synthesis}},
	Year = {2010},
	Bdsk-Url-1 = {https://doi.org/10.1145/1806799.1806833}}

@inproceedings{ASPLOS:STB06,
	Author = {Solar-Lezama, Armando and Tancau, Liviu and Bodik, Rastislav and Seshia, Sanjit A. and Saraswat, Vijay},
	Booktitle = asplos,
	Date-Added = {2019-07-30 12:55:12 -0400},
	Date-Modified = {2020-08-09 16:41:04 -0400},
	Doi = {10.1145/1168857.1168907},
	Series = {ASPLOS'06},
	Title = {{Combinatorial Sketching for Finite Programs}},
	Year = {2006},
	Bdsk-Url-1 = {https://doi.org/10.1145/1168857.1168907}}

@article{POPL:HKG20,
	Author = {Hark, Marcel and Kaminski, Benjamin Lucien and Giesl, J{\"u}rgen and Katoen, Joost-Pieter},
	Date-Added = {2019-07-23 15:06:38 -0400},
	Date-Modified = {2020-08-09 02:42:39 -0400},
	Doi = {10.1145/3371105},
	Journal = pacmpl,
	Month = {December},
	Number = {POPL},
	Title = {{Aiming Low Is Harder: Induction for Lower Bounds in Probabilistic Program Verification}},
	Volume = {4},
	Year = {2019},
	Bdsk-Url-1 = {https://doi.org/10.1145/3371105}}

@article{ENTCS:Cousot97,
	Author = {Cousot, Patrick},
	Date-Added = {2019-07-22 22:13:21 -0400},
	Date-Modified = {2020-08-09 04:36:39 -0400},
	Doi = {10.1016/S1571-0661(05)80168-9},
	Journal = entcs,
	Title = {{Constructive Design of a Hierarchy of Semantics of a Transition System by Abstract Interpretation}},
	Volume = {6},
	Year = {1997},
	Bdsk-Url-1 = {https://doi.org/10.1016/S1571-0661(05)80168-9}}

@inproceedings{CATA:Giry82,
	Author = {Giry, Mich{\`e}le},
	Booktitle = cata,
	Date-Added = {2019-07-07 08:54:00 -0400},
	Date-Modified = {2020-08-10 11:24:34 -0400},
	Doi = {10.1007/BFb0092872},
	Title = {{A Categorical Approach to Probability Theory}},
	Year = {1982},
	Bdsk-Url-1 = {https://doi.org/10.1007/BFb0092872}}

@misc{misc:VO18,
	Author = {V{\'a}k{\'a}r, Matthijs and Ong, Luke},
	Date-Added = {2019-07-07 00:04:01 -0400},
	Date-Modified = {2020-08-09 15:12:01 -0400},
	Title = {{On S-Finite Measures and Kernels}},
	Url = {https://arxiv.org/abs/1810.01837},
	Year = {2018},
	Bdsk-Url-1 = {https://arxiv.org/abs/1810.01837}}

@inproceedings{RC:YAG11,
	Author = {Yokoyama, Tetsuo and Axelsen, Holger Bock and Gl{\"u}ck, Robert},
	Booktitle = rc,
	Date-Added = {2019-06-19 16:03:55 -0400},
	Date-Modified = {2020-08-09 21:30:13 -0400},
	Doi = {10.1007/978-3-642-29517-1_2},
	Series = {RC'11},
	Title = {{Towards a Reversible Functional Language}},
	Year = {2011},
	Bdsk-Url-1 = {https://doi.org/10.1007/978-3-642-29517-1_2}}

@inproceedings{IFL:TA15,
	Author = {Thomsen, Michael Kirkedal and Axelsen, Holger Bock},
	Booktitle = ifl,
	Date-Added = {2019-06-19 16:02:32 -0400},
	Date-Modified = {2020-08-09 16:44:39 -0400},
	Doi = {10.1145/2897336.2897345},
	Series = {IFL'15},
	Title = {{Interpretation and Programming of the Reversible Functional Language RFUN}},
	Year = {2015},
	Bdsk-Url-1 = {https://doi.org/10.1145/2897336.2897345}}

@inproceedings{PLDI:NCH18,
	Author = {Ngo, Van Chan and Carbonneaux, Quentin and Hoffmann, Jan},
	Booktitle = pldi,
	Date-Added = {2019-06-19 14:27:06 -0400},
	Date-Modified = {2020-08-09 04:12:38 -0400},
	Doi = {10.1145/3192366.3192394},
	Series = {PLDI'18},
	Title = {{Bounded Expectations: Resource Analysis for Probabilistic Programs}},
	Year = {2018},
	Bdsk-Url-1 = {https://doi.org/10.1145/3192366.3192394}}

@inproceedings{PLDI:WFG19,
	Author = {Wang, Peixin and Fu, Hongfei and Goharshady, Amir Kafshdar and Chatterjee, Krishnendu and Qin, Xudong and Shi, Wenjun},
	Booktitle = pldi,
	Date-Added = {2019-06-19 14:24:17 -0400},
	Date-Modified = {2020-08-09 04:37:54 -0400},
	Doi = {10.1145/3314221.3314581},
	Series = {PLDI'19},
	Title = {{Cost Analysis of Nondeterministic Probabilistic Programs}},
	Year = {2019},
	Bdsk-Url-1 = {https://doi.org/10.1145/3314221.3314581}}

@inproceedings{POPL:BAV12,
	Author = {Bhat, Sooraj and Agarwal, Ashish and Vuduc, Richard and Gray, Alexander},
	Booktitle = popl,
	Date-Added = {2019-05-13 23:22:17 -0400},
	Date-Modified = {2020-08-09 20:59:55 -0400},
	Doi = {10.1145/2103656.2103721},
	Series = {POPL'12},
	Title = {{A Type Theory for Probability Density Functions}},
	Year = {2012},
	Bdsk-Url-1 = {https://doi.org/10.1145/2103656.2103721}}

@inproceedings{PLDI:CBG18,
	Author = {Cusumano-Towner, Marco F. and Bichsel, Benjamin and Gehr, Timon and Vechev, Martin and Mansinghka, Vikash K.},
	Booktitle = pldi,
	Date-Added = {2019-05-13 17:27:06 -0400},
	Date-Modified = {2020-08-10 11:34:11 -0400},
	Doi = {10.1145/3192366.3192399},
	Series = {PLDI'18},
	Title = {{Incremental Inference for Probabilistic Programs}},
	Year = {2018},
	Bdsk-Url-1 = {https://doi.org/10.1145/3192366.3192399}}

@inproceedings{AISTATS:RSG15,
	Author = {Ritchie, Daniel and Stuhlm{\"u}ller, Andreas and Goodman, Noah D.},
	Booktitle = aistats,
	Date-Added = {2019-05-13 17:24:45 -0400},
	Date-Modified = {2020-08-09 20:00:09 -0400},
	Series = {AISTATS'15},
	Title = {{C3: Lightweight Incrementalized MCMC for Probabilistic Programs using Continuations and Callsite Caching}},
	Year = {2015}}

@inproceedings{TACAS:BBG13,
	Author = {Bhat, Sooraj and Borgstr{\"o}m, Johannes and Gordon, Andrew D. and Russo, Claudio},
	Booktitle = tacas,
	Date-Added = {2019-05-13 17:16:00 -0400},
	Date-Modified = {2020-08-10 11:33:24 -0400},
	Doi = {10.1007/978-3-642-36742-7_35},
	Series = {TACAS'13},
	Title = {{Deriving Probability Density Functions from Probabilistic Functional Programs}},
	Year = {2013},
	Bdsk-Url-1 = {https://doi.org/10.1007/978-3-642-36742-7_35}}

@inproceedings{LFP:SF92,
	Author = {Sabry, Amr and Felleisen, Matthias},
	Booktitle = lfp,
	Date-Added = {2019-03-26 10:49:28 -0400},
	Date-Modified = {2020-08-09 23:02:31 -0400},
	Doi = {10.1145/141471.141563},
	Series = {LFP'92},
	Title = {{Reasoning about Programs in Continuation-Passing Style}},
	Year = {1992},
	Bdsk-Url-1 = {https://doi.org/10.1145/141471.141563}}

@inproceedings{LICS:Kozen91,
	Author = {Kozen, Dexter},
	Booktitle = lics,
	Date-Added = {2019-03-25 13:55:17 -0400},
	Date-Modified = {2020-08-06 02:24:51 -0400},
	Doi = {10.1109/LICS.1991.151646},
	Series = {LICS'91},
	Title = {{A Completeness Theorem for Kleene Algebras and the Algebra of Regular Events}},
	Year = {1991},
	Bdsk-Url-1 = {https://doi.org/10.1109/LICS.1991.151646}}

@inproceedings{LP:Kozen81,
	Author = {Kozen, Dexter},
	Booktitle = lp,
	Date-Added = {2019-03-25 13:54:10 -0400},
	Date-Modified = {2020-08-09 19:42:02 -0400},
	Doi = {10.1007/BFb0025782},
	Title = {{On Induction vs. *-Continuity}},
	Year = {1981},
	Bdsk-Url-1 = {https://doi.org/10.1007/BFb0025782}}

@book{book:Conway71,
	Author = {Conway, John Horton},
	Date-Added = {2019-03-25 13:52:15 -0400},
	Date-Modified = {2020-08-09 14:37:09 -0400},
	Publisher = {London: Chapman and Hall},
	Title = {{Regular Algebra and Finite Machines}},
	Year = {1971}}

@misc{misc:KA51,
	Author = {Kleene, S. C.},
	Date-Added = {2019-03-25 13:49:23 -0400},
	Date-Modified = {2019-03-25 13:50:32 -0400},
	Howpublished = {Available on \url{https://www.rand.org/pubs/research_memoranda/RM704.html}},
	Title = {{Representation of Events in Nerve Nets and Finite Automata}},
	Year = {1951}}

@inproceedings{ICML:PW14,
	Author = {Paige, Brooks and Wood, Frank},
	Booktitle = icml,
	Date-Added = {2019-03-25 13:33:13 -0400},
	Date-Modified = {2020-08-09 16:47:30 -0400},
	Series = {ICML'14},
	Title = {{A Compilation Target for Probabilistic Programming Languages}},
	Url = {https://dl.acm.org/doi/10.5555/3044805.3045108},
	Year = {2014},
	Bdsk-Url-1 = {https://dl.acm.org/doi/10.5555/3044805.3045108}}

@inproceedings{LCTES:FOT05,
	Author = {Franke, Bj{\"o}rn and O'Boyle, Michael and Thomson, John and Fursin, Grigori},
	Booktitle = lctes,
	Date-Added = {2019-03-25 13:31:10 -0400},
	Date-Modified = {2020-08-10 11:35:24 -0400},
	Doi = {10.1145/1070891.1065922},
	Series = {LCTES'05},
	Title = {{Probabilistic Source-Level Optimisation of Embedded Programs}},
	Year = {2005},
	Bdsk-Url-1 = {https://doi.org/10.1145/1070891.1065922}}

@article{JTCS:Escardo96,
	Author = {Escard{\'o}, Martin H{\"o}tzel},
	Date-Added = {2019-03-25 12:46:43 -0400},
	Date-Modified = {2020-08-09 21:44:41 -0400},
	Doi = {10.1016/0304-3975(95)00250-2},
	Journal = jtcs,
	Month = {August},
	Number = {1},
	Title = {{PCF extended with real numbers}},
	Volume = {162},
	Year = {1996},
	Bdsk-Url-1 = {https://doi.org/10.1016/0304-3975(95)00250-2}}

@article{POPL:GGS19,
	Author = {Gorinova, Maria I. and Gordon, Andrew D. and Sutton, Charles},
	Date-Added = {2019-03-20 08:58:33 -0400},
	Date-Modified = {2020-08-09 21:06:43 -0400},
	Doi = {10.1145/3290348},
	Journal = pacmpl,
	Month = {January},
	Number = {POPL},
	Title = {{Probabilistic Programming with Densities in SlicStan: Efficient, Flexible and Deterministic}},
	Volume = {3},
	Year = {2019},
	Bdsk-Url-1 = {https://doi.org/10.1145/3290348}}

@inproceedings{ESOP:HM16,
	Author = {Huang, Daniel and Morrisett, Greg},
	Booktitle = esop,
	Date-Added = {2019-03-19 13:50:37 -0400},
	Date-Modified = {2020-08-09 03:06:58 -0400},
	Doi = {10.1007/978-3-662-49498-1_14},
	Series = {ESOP'16},
	Title = {{An Application of Computable Distributions to the Semantics of Probabilistic Programming Languages}},
	Year = {2016},
	Bdsk-Url-1 = {https://doi.org/10.1007/978-3-662-49498-1_14}}

@article{JTA:Mislove98,
	Author = {Mislove, Michael W.},
	Date-Added = {2019-03-19 13:44:13 -0400},
	Date-Modified = {2020-08-09 19:54:03 -0400},
	Doi = {10.1016/S0166-8641(97)00222-8},
	Journal = jta,
	Month = {November},
	Number = {1},
	Title = {{Topology, domain theory and theoretical computer science}},
	Volume = {89},
	Year = {1998},
	Bdsk-Url-1 = {https://doi.org/10.1016/S0166-8641(97)00222-8}}

@article{POPL:VKS19,
	Author = {V{\'a}k{\'a}r, Matthijs and Kammar, Ohad and Staton, Sam},
	Date-Added = {2019-03-10 22:29:36 -0400},
	Date-Modified = {2020-08-06 02:39:50 -0400},
	Doi = {10.1145/3290349},
	Journal = pacmpl,
	Month = {January},
	Number = {POPL},
	Title = {{A Domain Theory for Statistical Probabilistic Programming}},
	Volume = {3},
	Year = {2019},
	Bdsk-Url-1 = {https://doi.org/10.1145/3290349}}

@inproceedings{CL:HM81,
	Author = {Hofmann, Karl H. and Mislove, Michael W.},
	Booktitle = cl,
	Date-Added = {2019-03-09 17:04:12 -0500},
	Date-Modified = {2020-08-09 17:54:02 -0400},
	Doi = {10.1007/BFb0089908},
	Title = {{Local Compactness and Continuous Lattices}},
	Year = {1981},
	Bdsk-Url-1 = {https://doi.org/10.1007/BFb0089908}}

@inproceedings{TACAS:KUH19,
	Author = {Kura, Satoshi and Urabe, Natsuki and Hasuo, Ichiro},
	Booktitle = tacas,
	Date-Added = {2019-02-20 16:07:46 +0800},
	Date-Modified = {2020-08-09 21:41:50 -0400},
	Doi = {10.1007/978-3-030-17465-1_8},
	Series = {TACAS'19},
	Title = {{Tail Probability for Randomized Program Runtimes via Martingales for Higher Moments}},
	Year = {2019},
	Bdsk-Url-1 = {https://doi.org/10.1007/978-3-030-17465-1_8}}

@inproceedings{LPAR:SH13,
	Author = {Scherer, Gabriel and Hoffmann, Jan},
	Booktitle = lpar,
	Date-Added = {2019-02-09 21:04:47 -0800},
	Date-Modified = {2020-08-09 20:13:26 -0400},
	Doi = {10.1007/978-3-642-45221-5_47},
	Series = {LPAR'13},
	Title = {{Tracking Data-Flow with Open Closure Types}},
	Year = {2013},
	Bdsk-Url-1 = {https://doi.org/10.1007/978-3-642-45221-5_47}}

@article{POPL:KCB18,
	Author = {Kincaid, Zachary and Cyphert, John and Breck, Jason and Reps, Thomas},
	Date-Added = {2019-02-04 00:10:03 +0800},
	Date-Modified = {2020-08-09 21:15:15 -0400},
	Doi = {10.1145/3158142},
	Journal = pacmpl,
	Month = {December},
	Number = {POPL},
	Title = {{Non-Linear Reasoning for Invariant Synthesis}},
	Volume = {2},
	Year = {2017},
	Bdsk-Url-1 = {https://doi.org/10.1145/3158142}}

@misc{misc:HM18,
	Author = {Hofmann, Martin and Moser, Georg},
	Date-Added = {2019-02-03 14:11:18 +0800},
	Date-Modified = {2020-08-09 03:25:31 -0400},
	Title = {{Analysis of Logarithmic Amortised Complexity}},
	Url = {https://arxiv.org/abs/1807.08242},
	Year = {2018},
	Bdsk-Url-1 = {https://arxiv.org/abs/1807.08242}}

@phdthesis{phd:Jost10,
	Author = {Jost, Steffen},
	Date-Added = {2019-02-03 14:08:52 +0800},
	Date-Modified = {2020-08-09 03:36:27 -0400},
	School = {Ludwig-Maximilians-Universit{\"a}t M{\"u}nchen},
	Title = {{Automated Amortised Analysis}},
	Year = {2010}}

@misc{misc:Vakar15,
	Author = {V{\'a}k{\'a}r, Matthijs},
	Date-Added = {2019-02-03 14:06:51 +0800},
	Date-Modified = {2020-08-09 15:09:48 -0400},
	Title = {{Syntax and Semantics of Linear Dependent Types}},
	Url = {https://arxiv.org/abs/1405.0033},
	Year = {2015},
	Bdsk-Url-1 = {https://arxiv.org/abs/1405.0033}}

@inproceedings{POPL:KPB15,
	Author = {Krishnaswami, Neelakantan R. and Pradic, Pierre and Benton, Nick},
	Booktitle = popl,
	Date-Added = {2019-02-03 14:05:29 +0800},
	Date-Modified = {2020-08-09 21:17:23 -0400},
	Doi = {10.1145/2676726.2676969},
	Series = {POPL'15},
	Title = {{Integrating Dependent and Linear Types}},
	Year = {2015},
	Bdsk-Url-1 = {https://doi.org/10.1145/2676726.2676969}}

@article{JIC:Hofmann03,
	Author = {Hofmann, Martin},
	Date-Added = {2019-02-03 14:02:40 +0800},
	Date-Modified = {2020-08-09 17:55:09 -0400},
	Doi = {10.1016/S0890-5401(03)00009-9},
	Journal = jic,
	Month = {May},
	Number = {1},
	Title = {{Linear types and non-size-increasing polynomial time computation}},
	Volume = {183},
	Year = {2003},
	Bdsk-Url-1 = {https://doi.org/10.1016/S0890-5401(03)00009-9}}

@inproceedings{IFL:VH04,
	Author = {Vasconcelos, Pedro B. and Hammond, Kevin},
	Booktitle = ifl,
	Date-Added = {2019-02-03 13:59:27 +0800},
	Date-Modified = {2020-08-09 16:45:49 -0400},
	Doi = {10.1007/978-3-540-27861-0_6},
	Series = {IFL'04},
	Title = {{Inferring Cost Equations for Recursive, Polymorphic and Higher-Order Functional Programs}},
	Year = {2004},
	Bdsk-Url-1 = {https://doi.org/10.1007/978-3-540-27861-0_6}}

@article{JSC:Harper92,
	Author = {Harper, Robert},
	Date-Added = {2019-02-03 13:56:58 +0800},
	Date-Modified = {2020-08-09 04:34:17 -0400},
	Doi = {10.1016/0747-7171(92)90026-Z},
	Journal = jsc,
	Month = {July},
	Number = {1},
	Title = {{Constructing Type Systems over an Operational Semantics}},
	Volume = {14},
	Year = {1992},
	Bdsk-Url-1 = {https://doi.org/10.1016/0747-7171(92)90026-Z}}

@book{book:CMDP99,
	Author = {Altman, Eitan},
	Date-Added = {2018-12-05 13:26:22 -0500},
	Date-Modified = {2020-08-09 04:32:26 -0400},
	Publisher = {Chapman and Hall/CRC},
	Title = {{Constrained Markov Decision Processes}},
	Year = {1999}}

@inproceedings{ICML:AHT17,
	Author = {Achiam, Joshua and Held, David and Tamar, Aviv and Abbeel, Pieter},
	Booktitle = icml,
	Date-Added = {2018-12-05 13:22:38 -0500},
	Date-Modified = {2020-08-09 04:33:37 -0400},
	Series = {ICML'17},
	Title = {{Constrained Policy Optimization}},
	Year = {2017}}

@article{JIPL:Herman90,
	Author = {Herman, Ted},
	Date-Added = {2018-12-04 22:20:47 -0500},
	Date-Modified = {2020-08-09 17:52:14 -0400},
	Doi = {10.1016/0020-0190(90)90107-9},
	Journal = jipl,
	Month = {June},
	Number = {2},
	Title = {{Probabilistic Self-Stabilization}},
	Volume = {35},
	Year = {1990},
	Bdsk-Url-1 = {https://doi.org/10.1016/0020-0190(90)90107-9}}

@misc{misc:BSW00,
	Author = {Brzezinski, Jerzy and Szychowiak, Michal and Wawrzyniak, Dariusz},
	Date-Added = {2018-12-04 22:10:34 -0500},
	Date-Modified = {2020-08-09 20:17:50 -0400},
	Howpublished = {Available on \url{https://citeseerx.ist.psu.edu/viewdoc/summary?doi=10.1.1.26.6783}},
	Title = {{Self-Stabilization In Distributed Systems - A Short Survey}},
	Year = {2000}}

@inproceedings{ICALP:KMO11,
	Author = {Kiefer, Stefan and Murawski, Andrzej S. and Ouaknine, Jo{\"e}l and Worrell, James and Zhang, Lijun},
	Booktitle = icalp,
	Date-Added = {2018-12-04 22:08:08 -0500},
	Date-Modified = {2020-08-09 16:18:22 -0400},
	Doi = {10.1007/978-3-642-22012-8_37},
	Series = {ICALP'11},
	Title = {{On Stabilization in Herman's Algorithm}},
	Year = {2011},
	Bdsk-Url-1 = {https://doi.org/10.1007/978-3-642-22012-8_37}}

@misc{misc:Bitcoin09,
	Author = {Nakamoto, Satoshi},
	Date-Added = {2018-12-04 10:55:42 -0500},
	Date-Modified = {2020-08-09 04:08:14 -0400},
	Howpublished = {Available on \url{https://bitcoin.org/en/bitcoin-paper}},
	Title = {{Bitcoin: A Peer-to-Peer Electronic Cash System}},
	Year = {2009}}

@article{CACM:Dijkstra74,
	Author = {Dijkstra, Edsger W.},
	Date-Added = {2018-12-04 09:21:02 -0500},
	Date-Modified = {2020-08-09 16:30:31 -0400},
	Doi = {10.1145/361179.361202},
	Journal = cacm,
	Month = {November},
	Number = {11},
	Title = {{Self-Stabilizing Systems in Spite of Distributed Control}},
	Volume = {17},
	Year = {1974},
	Bdsk-Url-1 = {https://doi.org/10.1145/361179.361202}}

@book{book:KnuthArt,
	Author = {Knuth, Donald E.},
	Date-Added = {2018-12-04 09:14:03 -0500},
	Date-Modified = {2020-08-09 14:40:41 -0400},
	Publisher = {Addison-Wesley},
	Title = {{The Art of Computer Programming}},
	Year = {1973}}

@book{book:Sedgewick,
	Author = {Sedgewick, Robert},
	Date-Added = {2018-12-04 09:12:46 -0500},
	Date-Modified = {2020-08-09 14:52:47 -0400},
	Publisher = {Garland Publishing Inc.},
	Title = {{Quicksort}},
	Year = {1980}}

@book{book:Dubhashi09,
	Author = {Dubhashi, Devdatt P. and Panconesi, Alessandro},
	Date-Added = {2018-11-28 13:47:30 -0500},
	Date-Modified = {2020-08-09 14:47:08 -0400},
	Doi = {10.1017/CBO9780511581274},
	Publisher = {Cambridge University Press},
	Title = {{Concentration of Measure for the Analysis of Randomized Algorithms}},
	Year = {2009},
	Bdsk-Url-1 = {https://doi.org/10.1017/CBO9780511581274}}

@article{POPL:WH19,
	Author = {Wang, Di and Hoffmann, Jan},
	Date-Added = {2018-10-30 18:19:19 -0400},
	Date-Modified = {2020-08-09 21:23:58 -0400},
	Doi = {10.1145/3290326},
	Journal = pacmpl,
	Month = {January},
	Number = {POPL},
	Title = {{Type-Guided Worst-Case Input Generation}},
	Volume = {3},
	Year = {2019},
	Bdsk-Url-1 = {https://doi.org/10.1145/3290326}}

@misc{misc:PHPDoSFix,
	Author = {Website},
	Date-Added = {2018-10-30 15:18:48 -0400},
	Date-Modified = {2020-08-09 20:27:43 -0400},
	Howpublished = {Available on \url{https://www.php.net/ChangeLog-5.php\#5.3.9}},
	Title = {{PHP: PHP 5 ChangeLog}},
	Year = {2012}}

@misc{misc:PHPDosAttack,
	Author = {Website},
	Date-Added = {2018-10-30 15:16:13 -0400},
	Date-Modified = {2020-08-09 20:26:59 -0400},
	Howpublished = {Available on \url{https://www.exploit-db.com/exploits/18296}},
	Title = {{PHP 5.3.8 - Hashtables Denial of Service}},
	Year = {2012}}

@misc{misc:STAC,
	Author = {Website},
	Date-Added = {2018-10-30 15:07:38 -0400},
	Date-Modified = {2018-10-30 15:09:24 -0400},
	Howpublished = {Available on \url{https://www.darpa.mil/program/space-time-analysis-for-cybersecurity}},
	Title = {{Space/Time Analysis for Cybersecurity (STAC)}},
	Year = {2015}}

@inproceedings{IJCAR:FNH16,
	Author = {Frohn, Florian and Naaf, Matthias and Hensel, Jera and Brockschmidt, Marc and Giesl, J{\"u}rgen},
	Booktitle = ijcar,
	Date-Added = {2018-10-27 10:58:26 -0400},
	Date-Modified = {2020-08-09 16:48:52 -0400},
	Doi = {10.1007/978-3-319-40229-1_37},
	Series = {IJCAR'16},
	Title = {{Lower Runtime Bounds for Integer Programs}},
	Year = {2016},
	Bdsk-Url-1 = {https://doi.org/10.1007/978-3-319-40229-1_37}}

@article{JAR:NEG13,
	Author = {Noschinski, Lars and Emmes, Fabian and Giesl, J{\"u}rgen},
	Date-Added = {2018-10-27 10:54:36 -0400},
	Date-Modified = {2020-08-09 03:28:08 -0400},
	Doi = {10.1007/s10817-013-9277-6},
	Journal = jar,
	Month = {June},
	Number = {1},
	Title = {{Analyzing Innermost Runtime Complexity of Term Rewriting by Dependency Pairs}},
	Volume = {51},
	Year = {2013},
	Bdsk-Url-1 = {https://doi.org/10.1007/s10817-013-9277-6}}

@inproceedings{RTA:AM13,
	Author = {Avanzini, Martin and Moser, Georg},
	Booktitle = rta,
	Date-Added = {2018-10-27 10:53:47 -0400},
	Date-Modified = {2020-08-09 17:10:49 -0400},
	Doi = {10.4230/LIPIcs.RTA.2013.55},
	Series = {RTA'13},
	Title = {{A Combination Framework for Complexity}},
	Year = {2013},
	Bdsk-Url-1 = {https://doi.org/10.4230/LIPIcs.RTA.2013.55}}

@inproceedings{SAS:ZSG11,
	Author = {Zuleger, Florian and Sinn, Moritz and Gulwani, Sumit and Veith, Helmut},
	Booktitle = sas,
	Date-Added = {2018-10-27 10:52:42 -0400},
	Date-Modified = {2020-08-09 22:36:04 -0400},
	Doi = {10.1007/978-3-642-23702-7_22},
	Series = {SAS'11},
	Title = {{Bound Analysis of Imperative Programs with the Size-Change Abstraction}},
	Year = {2011},
	Bdsk-Url-1 = {https://doi.org/10.1007/978-3-642-23702-7_22}}

@inproceedings{LPAR:BHH10,
	Author = {Blanc, R{\'e}gis and Henzinger, Thomas A. and Hottelier, Thibaud and Kov{\'a}cs, Laura},
	Booktitle = lpar,
	Date-Added = {2018-10-27 10:51:40 -0400},
	Date-Modified = {2020-08-09 17:15:21 -0400},
	Doi = {10.1007/978-3-642-17511-4_7},
	Series = {LPAR'10},
	Title = {{ABC: Algebraic Bound Computation for Loops}},
	Year = {2010},
	Bdsk-Url-1 = {https://doi.org/10.1007/978-3-642-17511-4_7}}

@inproceedings{ICFP:DLR15,
	Author = {Danner, Norman and Licata, Daniel R. and Ramyaa, Ramyaa},
	Booktitle = icfp,
	Date-Added = {2018-10-27 10:49:58 -0400},
	Date-Modified = {2020-08-09 16:19:56 -0400},
	Doi = {10.1145/2784731.2784749},
	Series = {ICFP'15},
	Title = {{Denotational Cost Semantics for Functional Languages with Inductive Types}},
	Year = {2015},
	Bdsk-Url-1 = {https://doi.org/10.1145/2784731.2784749}}

@inproceedings{APLAS:FH14,
	Author = {Flores-Montoya, Antonio and H{\"a}hnle, Reiner},
	Booktitle = aplas,
	Date-Added = {2018-10-27 10:48:02 -0400},
	Date-Modified = {2020-08-09 14:31:17 -0400},
	Doi = {10.1007/978-3-319-12736-1_15},
	Series = {APLAS'14},
	Title = {{Resource Analysis of Complex Programs with Cost Equations}},
	Year = {2014},
	Bdsk-Url-1 = {https://doi.org/10.1007/978-3-319-12736-1_15}}

@inproceedings{ICFP:ADM15,
	Author = {Avanzini, Martin and Lago, Ugo Dal and Moser, Georg},
	Booktitle = icfp,
	Date-Added = {2018-10-27 10:47:09 -0400},
	Date-Modified = {2020-08-10 11:39:00 -0400},
	Doi = {10.1145/2784731.2784753},
	Series = {ICFP'15},
	Title = {{Analysing the Complexity of Functional Programs: Higher-Order Meets First-Order}},
	Year = {2015},
	Bdsk-Url-1 = {https://doi.org/10.1145/2784731.2784753}}

@inproceedings{POPL:Danielsson08,
	Author = {Danielsson, Nils Anders},
	Booktitle = popl,
	Date-Added = {2018-10-27 10:46:09 -0400},
	Date-Modified = {2020-08-09 21:02:55 -0400},
	Doi = {10.1145/1328438.1328457},
	Series = {POPL'08},
	Title = {{Lightweight Semiformal Time Complexity Analysis for Purely Functional Data Structures}},
	Year = {2008},
	Bdsk-Url-1 = {https://doi.org/10.1145/1328438.1328457}}

@inproceedings{POPL:CW00,
	Author = {Crary, Karl and Weirich, Stephnie},
	Booktitle = popl,
	Date-Added = {2018-10-27 10:45:20 -0400},
	Date-Modified = {2020-08-09 21:01:57 -0400},
	Doi = {10.1145/325694.325716},
	Series = {POPL'00},
	Title = {{Resource Bound Certification}},
	Year = {2000},
	Bdsk-Url-1 = {https://doi.org/10.1145/325694.325716}}

@inproceedings{POPL:CBG17,
	Author = {{\c C}i{\c c}ek, Ezgi and Barthe, Gilles and Gaboardi, Marco and Garg, Deepak and Hoffmann, Jan},
	Booktitle = popl,
	Date-Added = {2018-10-27 10:44:21 -0400},
	Date-Modified = {2020-08-06 01:35:41 -0400},
	Doi = {10.1145/3009837.3009858},
	Series = {POPL'17},
	Title = {{Relational Cost Analysis}},
	Year = {2017},
	Bdsk-Url-1 = {https://doi.org/10.1145/3009837.3009858}}

@inproceedings{ESOP:CGA15,
	Author = {{\c C}i{\c c}ek, Ezgi and Garg, Deepak and Acar, Umut},
	Booktitle = esop,
	Date-Added = {2018-10-27 10:43:22 -0400},
	Date-Modified = {2020-08-06 01:32:18 -0400},
	Doi = {10.1007/978-3-662-46669-8_17},
	Series = {ESOP'15},
	Title = {{Refinement Types for Incremental Computational Complexity}},
	Year = {2015},
	Bdsk-Url-1 = {https://doi.org/10.1007/978-3-662-46669-8_17}}

@inproceedings{POPL:LP13,
	Author = {Lago, Ugo Dal and Petit, Barbara},
	Booktitle = popl,
	Date-Added = {2018-10-27 10:42:34 -0400},
	Date-Modified = {2020-08-10 11:39:21 -0400},
	Doi = {10.1145/2429069.2429090},
	Series = {POPL'13},
	Title = {{The Geometry of Types}},
	Year = {2013},
	Bdsk-Url-1 = {https://doi.org/10.1145/2429069.2429090}}

@inproceedings{LICS:LG11,
	Author = {Lago, Ugo Dal and Gaboardi, Marco},
	Booktitle = lics,
	Date-Added = {2018-10-27 10:41:17 -0400},
	Date-Modified = {2020-08-10 11:39:16 -0400},
	Doi = {10.1109/LICS.2011.22},
	Series = {LICS'11},
	Title = {{Linear Dependent Types and Relative Completeness}},
	Year = {2011},
	Bdsk-Url-1 = {https://doi.org/10.1109/LICS.2011.22}}

@phdthesis{phd:Vasconcelos08,
	Author = {Vasconcelos, Pedro B.},
	Date-Added = {2018-10-27 10:40:13 -0400},
	Date-Modified = {2020-08-09 20:42:57 -0400},
	School = {University of St Andrews},
	Title = {{Space Cost Analysis Using Sized Types}},
	Year = {2008}}

@inproceedings{ITP:CP15,
	Author = {Chargu{\'e}raud, Arthur and Pottier, Fran{\c c}ois},
	Booktitle = itp,
	Date-Added = {2018-10-27 10:39:12 -0400},
	Date-Modified = {2020-08-09 23:02:56 -0400},
	Doi = {10.1007/978-3-319-22102-1_9},
	Series = {ITP'15},
	Title = {{Machine-Checked Verification of the Correctness and Amortized Complexity of an Efficient Union-Find Implementation}},
	Year = {2015},
	Bdsk-Url-1 = {https://doi.org/10.1007/978-3-319-22102-1_9}}

@inproceedings{ITP:Nipkow15,
	Author = {Nipkow, Tobias},
	Booktitle = itp,
	Date-Added = {2018-10-27 10:37:24 -0400},
	Date-Modified = {2020-08-09 19:57:56 -0400},
	Doi = {10.1007/978-3-319-22102-1_21},
	Series = {ITP'15},
	Title = {{Amortized Complexity Verified}},
	Year = {2015},
	Bdsk-Url-1 = {https://doi.org/10.1007/978-3-319-22102-1_21}}

@inproceedings{ESOP:Atkey10,
	Author = {Atkey, Robert},
	Booktitle = esop,
	Date-Added = {2018-10-27 10:36:50 -0400},
	Date-Modified = {2020-08-09 02:59:25 -0400},
	Doi = {10.1007/978-3-642-11957-6_6},
	Series = {ESOP'10},
	Title = {{Amortised Resource Analysis with Separation Logic}},
	Year = {2010},
	Bdsk-Url-1 = {https://doi.org/10.1007/978-3-642-11957-6_6}}

@inproceedings{PLDI:CHS15,
	Author = {Carbonneaux, Quentin and Hoffmann, Jan and Shao, Zhong},
	Booktitle = pldi,
	Date-Added = {2018-10-27 10:35:42 -0400},
	Date-Modified = {2020-08-09 04:25:51 -0400},
	Doi = {10.1145/2737924.2737955},
	Series = {PLDI'15},
	Title = {{Compositional Certified Resource Bounds}},
	Year = {2015},
	Bdsk-Url-1 = {https://doi.org/10.1145/2737924.2737955}}

@inproceedings{FM:JLH09,
	Author = {Jost, Steffen and Loidl, Hans-Wolfgang and Hammond, Kevin and Scaife, Norman and Hofmann, Martin},
	Booktitle = fm,
	Date-Added = {2018-10-27 10:33:56 -0400},
	Date-Modified = {2020-08-09 17:56:53 -0400},
	Doi = {10.1007/978-3-642-05089-3_23},
	Series = {FM'09},
	Title = {{``Carbon Credits'' for Resource-Bounded Computations using Amortised Analysis}},
	Year = {2009},
	Bdsk-Url-1 = {https://doi.org/10.1007/978-3-642-05089-3_23}}

@inproceedings{ESOP:VJF15,
	Author = {Vasconcelos, Pedro B. and Jost, Steffen and Florido, M{\'a}rio and Hammond, Kevin},
	Booktitle = esop,
	Date-Added = {2018-10-27 10:32:59 -0400},
	Date-Modified = {2020-08-09 16:45:17 -0400},
	Doi = {10.1007/978-3-662-46669-8_32},
	Series = {ESOP'15},
	Title = {{Type-Based Allocation Analysis for Co-Recursion in Lazy Functional Languages}},
	Year = {2015},
	Bdsk-Url-1 = {https://doi.org/10.1007/978-3-662-46669-8_32}}

@inproceedings{ICFP:SVF12,
	Author = {Sim{\~o}es, Hugo and Vasconcelos, Pedro B. and Florido, M{\'a}rio and Jost, Steffen and Hammond, Kevin},
	Booktitle = icfp,
	Date-Added = {2018-10-27 10:31:30 -0400},
	Date-Modified = {2020-08-09 16:45:22 -0400},
	Doi = {10.1145/2364527.2364575},
	Series = {ICFP'12},
	Title = {{Automatic Amortised Analysis of Dynamic Memory Allocation for Lazy Functional Programs}},
	Year = {2012},
	Bdsk-Url-1 = {https://doi.org/10.1145/2364527.2364575}}

@inproceedings{TLCA:HM15,
	Author = {Hofmann, Martin and Moser, Georg},
	Booktitle = tlca,
	Date-Added = {2018-10-27 10:29:25 -0400},
	Date-Modified = {2020-08-09 21:49:26 -0400},
	Doi = {10.4230/LIPIcs.TLCA.2015.241},
	Series = {TLCA'15},
	Title = {{Multivariate Amortised Resource Analysis for Term Rewrite Systems}},
	Year = {2015},
	Bdsk-Url-1 = {https://doi.org/10.4230/LIPIcs.TLCA.2015.241}}

@inproceedings{ESOP:HH10,
	Author = {Hoffmann, Jan and Hofmann, Martin},
	Booktitle = esop,
	Date-Added = {2018-10-27 10:28:33 -0400},
	Date-Modified = {2020-08-09 03:05:51 -0400},
	Doi = {10.1007/978-3-642-11957-6_16},
	Series = {ESOP'10},
	Title = {{Amortized Resource Analysis with Polynomial Potential}},
	Year = {2010},
	Bdsk-Url-1 = {https://doi.org/10.1007/978-3-642-11957-6_16}}

@article{POPL:LPP18,
	Author = {Lampropoulos, Leonidas and Paraskevopoulou, Zoe and Pierce, Benjamin C.},
	Date-Added = {2018-10-27 10:26:07 -0400},
	Date-Modified = {2020-08-09 22:08:41 -0400},
	Doi = {10.1145/3158133},
	Journal = pacmpl,
	Month = {December},
	Number = {POPL},
	Title = {{Generating Good Generators for Inductive Relations}},
	Volume = {2},
	Year = {2017},
	Bdsk-Url-1 = {https://doi.org/10.1145/3158133}}

@inproceedings{HASKELL:RNL08,
	Author = {Runciman, Colin and Naylor, Matthew and Lindblad, Fredrik},
	Booktitle = haskell,
	Date-Added = {2018-10-27 10:25:01 -0400},
	Date-Modified = {2020-08-09 19:59:37 -0400},
	Doi = {10.1145/1411286.1411292},
	Series = {Haskell'08},
	Title = {{Smallcheck and Lazy Smallcheck: Automatic Exhaustive Testing for Small Vaues}},
	Year = {2008},
	Bdsk-Url-1 = {https://doi.org/10.1145/1411286.1411292}}

@inproceedings{ICFP:CH00,
	Author = {Claessen, Koen and Hughes, John},
	Booktitle = icfp,
	Date-Added = {2018-10-27 10:24:08 -0400},
	Date-Modified = {2020-08-09 16:19:10 -0400},
	Doi = {10.1145/351240.351266},
	Series = {ICFP'00},
	Title = {{QuickCheck: A Lightweight Tool for Random Testing of Haskell Programs}},
	Year = {2000},
	Bdsk-Url-1 = {https://doi.org/10.1145/351240.351266}}

@inproceedings{ICST:LKP17,
	Author = {Luckow, Kasper and Kersten, Rody and P{\u a}s{\u a}reanu, Corina S.},
	Booktitle = icst,
	Date-Added = {2018-10-27 10:21:48 -0400},
	Date-Modified = {2020-08-09 16:43:45 -0400},
	Doi = {10.1109/ICST.2017.13},
	Series = {ICST'17},
	Title = {{Symbolic Complexity Analysis Using Context-Preserving Histories}},
	Year = {2017},
	Bdsk-Url-1 = {https://doi.org/10.1109/ICST.2017.13}}

@inproceedings{TACAS:AFR15,
	Author = {Albert, Elvira and Fern{\'a}ndez, Jes{\'u}s Correas and Rom{\'a}n-D{\'i}ez, Guillermo},
	Booktitle = tacas,
	Date-Added = {2018-10-27 10:16:15 -0400},
	Date-Modified = {2020-08-12 13:58:58 -0400},
	Doi = {10.1007/978-3-662-46681-0_6},
	Series = {TACAS'15},
	Title = {{Non-Cumulative Resource Analysis}},
	Year = {2015},
	Bdsk-Url-1 = {https://doi.org/10.1007/978-3-662-46681-0_6}}

@inproceedings{CAV:SZV14,
	Author = {Sinn, Moritz and Zuleger, Florian and Veith, Helmut},
	Booktitle = cav,
	Date-Added = {2018-10-27 10:15:19 -0400},
	Date-Modified = {2020-08-06 03:07:59 -0400},
	Doi = {10.1007/978-3-319-08867-9_50},
	Series = {CAV'14},
	Title = {{A Simple and Scalable Approach to Bound Analysis and Amortized Complexity Analysis}},
	Year = {2014},
	Bdsk-Url-1 = {https://doi.org/10.1007/978-3-319-08867-9_50}}

@inproceedings{TACAS:BEG14,
	Author = {Brockschmidt, Marc and Emmes, Fabian and Falke, Stephan and Fuhs, Carsten and Giesl, J{\"u}rgen},
	Booktitle = tacas,
	Date-Added = {2018-10-27 10:14:06 -0400},
	Date-Modified = {2020-08-09 02:58:47 -0400},
	Doi = {10.1007/978-3-642-54862-8_10},
	Series = {TACAS'14},
	Title = {{Alternating Runtime and Size Complexity Analysis of Integer Programs}},
	Year = {2014},
	Bdsk-Url-1 = {https://doi.org/10.1007/978-3-642-54862-8_10}}

@inproceedings{POPL:GMC09,
	Author = {Gulwani, Sumit and Mehra, Krishna K. and Chilimbi, Trishul},
	Booktitle = popl,
	Date-Added = {2018-10-27 10:12:44 -0400},
	Date-Modified = {2020-08-09 21:09:38 -0400},
	Doi = {10.1145/1594834.1480898},
	Series = {POPL'09},
	Title = {{SPEED: Precise and Efficient Static Estimation of Program Computational Complexity}},
	Year = {2009},
	Bdsk-Url-1 = {https://doi.org/10.1145/1594834.1480898}}

@inproceedings{PLDI:KBB17,
	Author = {Kincaid, Zachary and Breck, Jason and Boroujeni, Ashkan Forouhi and Reps, Thomas},
	Booktitle = pldi,
	Date-Added = {2018-10-27 10:10:36 -0400},
	Date-Modified = {2020-08-09 04:28:12 -0400},
	Doi = {10.1145/3062341.3062373},
	Series = {PLDI'17},
	Title = {{Compositional Recurrence Analysis Revisited}},
	Year = {2017},
	Bdsk-Url-1 = {https://doi.org/10.1145/3062341.3062373}}

@inproceedings{CAV:CHR17,
	Author = {Carbonneaux, Quentin and Hoffmann, Jan and Reps, Thomas and Shao, Zhong},
	Booktitle = cav,
	Date-Added = {2018-10-27 10:07:20 -0400},
	Date-Modified = {2020-08-09 03:38:14 -0400},
	Doi = {10.1007/978-3-319-63390-9_4},
	Series = {CAV'17},
	Title = {{Automated Resource Analysis with Coq Proof Objects}},
	Year = {2017},
	Bdsk-Url-1 = {https://doi.org/10.1007/978-3-319-63390-9_4}}

@inproceedings{ICSE:BJS09,
	Author = {Burnim, Jacob and Juvekar, Sudeep and Sen, Koushik},
	Booktitle = icse,
	Date-Added = {2018-10-27 10:04:20 -0400},
	Date-Modified = {2020-08-09 22:33:38 -0400},
	Doi = {10.1109/ICSE.2009.5070545},
	Series = {ICSE'09},
	Title = {{WISE: Automated Test Generation for Worst-Case Complexity}},
	Year = {2009},
	Bdsk-Url-1 = {https://doi.org/10.1109/ICSE.2009.5070545}}

@inproceedings{TACAS:CVS16,
	Author = {Chakarov, Aleksandar and Voronin, Yuen-Lam and Sankaranarayanan, Sriram},
	Booktitle = tacas,
	Date-Added = {2018-10-16 23:39:30 -0400},
	Date-Modified = {2020-08-09 21:41:08 -0400},
	Doi = {10.1007/978-3-662-49674-9_15},
	Series = {TACAS'16},
	Title = {{Deductive Proofs of Almost Sure Persistence and Recurrence Properties}},
	Year = {2016},
	Bdsk-Url-1 = {https://doi.org/10.1007/978-3-662-49674-9_15}}

@inproceedings{TACAS:BGP16,
	Author = {Bouissou, Olivier and Goubault, Eric and Putot, Sylvie and Chakarov, Aleksandar and Sankaranarayanan, Sriram},
	Booktitle = tacas,
	Date-Added = {2018-10-16 23:38:07 -0400},
	Date-Modified = {2020-08-09 21:39:49 -0400},
	Doi = {10.1007/978-3-662-49674-9_13},
	Series = {TACAS'16},
	Title = {{Uncertainty Propagation Using Probabilistic Affine Forms and Concentration of Measure Inequalities}},
	Year = {2016},
	Bdsk-Url-1 = {https://doi.org/10.1007/978-3-662-49674-9_13}}

@inproceedings{CC:MR99,
	Author = {Melski, David and Reps, Thomas},
	Booktitle = cc,
	Date-Added = {2018-10-09 23:15:21 -0400},
	Date-Modified = {2020-08-09 15:07:56 -0400},
	Doi = {10.1007/978-3-540-49051-7_4},
	Series = {CC'99},
	Title = {{Interprocedural Path Profiling}},
	Year = {1999},
	Bdsk-Url-1 = {https://doi.org/10.1007/978-3-540-49051-7_4}}

@article{ENTCS:EGR10,
	Author = {Elder, Matt and Gopan, Denis and Reps, Thomas},
	Date-Added = {2018-10-09 23:11:17 -0400},
	Date-Modified = {2020-08-09 15:20:48 -0400},
	Doi = {10.1016/j.entcs.2010.09.005},
	Journal = entcs,
	Month = {October},
	Number = {1},
	Title = {{View-Augmented Abstractions}},
	Volume = {267},
	Year = {2010},
	Bdsk-Url-1 = {https://doi.org/10.1016/j.entcs.2010.09.005}}

@inproceedings{ICSE:ZCW15,
	Author = {Zhang, Yufeng and Chen, Zhenbang and Wang, Ji and Dong, Wei and Liu, Zhiming},
	Booktitle = icse,
	Date-Added = {2018-07-11 23:35:41 +0000},
	Date-Modified = {2020-08-09 16:42:27 -0400},
	Doi = {10.1109/ICSE.2015.80},
	Series = {ICSE'15},
	Title = {{Regular Property Guided Dynamic Symbolic Execution}},
	Year = {2015},
	Bdsk-Url-1 = {https://doi.org/10.1109/ICSE.2015.80}}

@inproceedings{SAS:MPF11,
	Author = {Ma, Kin-Keung and Phang, Khoo Yit and Foster, Jeffrey S. and Hicks, Michael},
	Booktitle = sas,
	Date-Added = {2018-07-11 23:31:28 +0000},
	Date-Modified = {2020-08-09 21:34:35 -0400},
	Doi = {10.1007/978-3-642-23702-7_11},
	Series = {SAS'11},
	Title = {{Directed Symbolic Execution}},
	Year = {2011},
	Bdsk-Url-1 = {https://doi.org/10.1007/978-3-642-23702-7_11}}

@inproceedings{OSDI:CDE08,
	Author = {Cadar, Cristian and Dunbar, Daniel and Engler, Dawson},
	Booktitle = osdi,
	Date-Added = {2018-07-11 23:28:35 +0000},
	Date-Modified = {2020-08-09 20:39:25 -0400},
	Series = {OSDI'08},
	Title = {{KLEE: Unassisted and Automatic Generation of High-Coverage Tests for Complex Systems Programs}},
	Url = {https://dl.acm.org/doi/10.5555/1855741.1855756},
	Year = {2008},
	Bdsk-Url-1 = {https://dl.acm.org/doi/10.5555/1855741.1855756}}

@inproceedings{ASE:DA14,
	Author = {Dinges, Peter and Agha, Gul},
	Booktitle = ase,
	Date-Added = {2018-07-11 23:20:42 +0000},
	Date-Modified = {2020-08-09 15:28:45 -0400},
	Doi = {10.1145/2642937.2642951},
	Series = {ASE'14},
	Title = {{Targeted Test Input Generation Using Symbolic-Concrete Backward Execution}},
	Year = {2014},
	Bdsk-Url-1 = {https://doi.org/10.1145/2642937.2642951}}

@inproceedings{PLDI:CFS09,
	Author = {Chandra, Satish and Fink, Stephen J. and Sridharan, Manu},
	Booktitle = pldi,
	Date-Added = {2018-07-11 23:18:43 +0000},
	Date-Modified = {2020-08-09 20:44:40 -0400},
	Doi = {10.1145/1543135.1542517},
	Series = {PLDI'09},
	Title = {{Snugglebug: A Powerful Approach To Weakest Preconditions}},
	Year = {2009},
	Bdsk-Url-1 = {https://doi.org/10.1145/1543135.1542517}}

@article{TOCS:CKC12,
	Author = {Chipounov, Vitaly and Kuznetsov, Volodymyr and Candea, George},
	Date-Added = {2018-07-11 23:11:22 +0000},
	Date-Modified = {2020-08-09 21:50:23 -0400},
	Doi = {10.1145/2110356.2110358},
	Journal = tocs,
	Month = {February},
	Number = {1},
	Title = {{The S2E Platform: Design, Implementation, and Applications}},
	Volume = {30},
	Year = {2012},
	Bdsk-Url-1 = {https://doi.org/10.1145/2110356.2110358}}

@article{OOPSLA:WWC17,
	Author = {Wang, Peng and Wang, Di and Chlipala, Adam},
	Date-Added = {2018-07-11 22:27:33 +0000},
	Date-Modified = {2020-08-09 20:37:51 -0400},
	Doi = {10.1145/3133903},
	Journal = pacmpl,
	Number = {OOPSLA},
	Title = {{TiML: A Functional Language for Practical Complexity Analysis with Invariants}},
	Volume = {1},
	Year = {2017},
	Bdsk-Url-1 = {https://doi.org/10.1145/3133903}}

@misc{misc:PHPDoS,
	Author = {Website},
	Date-Added = {2018-07-11 22:12:29 +0000},
	Date-Modified = {2020-08-09 20:26:44 -0400},
	Howpublished = {Available on \url{https://cve.mitre.org/cgi-bin/cvename.cgi?name=CVE-2011-4885}},
	Title = {{CVE - CVE-2011-4885}},
	Year = {2011}}

@article{JHOSC:Xi02,
	Author = {Xi, Hongwei},
	Date-Added = {2018-07-11 07:49:40 +0000},
	Date-Modified = {2020-08-09 20:04:52 -0400},
	Doi = {10.1023/A:1019916231463},
	Journal = jhosc,
	Number = {1},
	Title = {{Dependent Types for Program Termination Verification}},
	Volume = {15},
	Year = {2002},
	Bdsk-Url-1 = {https://doi.org/10.1023/A:1019916231463}}

@inproceedings{TACAS:Z308,
	Author = {de Moura, Leonardo and Bj{\o}rner, Nikolaj},
	Booktitle = tacas,
	Date-Added = {2018-07-10 19:20:53 +0000},
	Date-Modified = {2020-08-09 21:43:15 -0400},
	Doi = {10.1007/978-3-540-78800-3_24},
	Series = {TACAS'08},
	Title = {{Z3: An Efficient SMT Solver}},
	Year = {2008},
	Bdsk-Url-1 = {https://doi.org/10.1007/978-3-540-78800-3_24}}

@incollection{kn:Walker02,
	Author = {Walker, David},
	Booktitle = {Advanced Topics in Types and Programming Languages},
	Date-Added = {2018-07-06 08:31:35 +0000},
	Date-Modified = {2020-08-09 20:02:44 -0400},
	Publisher = {MIT Press},
	Title = {{Substructural Type Systems}},
	Year = {2002}}

@inproceedings{POPL:HJ03,
	Author = {Hofmann, Martin and Jost, Steffen},
	Booktitle = popl,
	Date-Added = {2018-07-06 01:27:05 +0000},
	Date-Modified = {2020-08-09 21:12:50 -0400},
	Doi = {10.1145/604131.604148},
	Series = {POPL'03},
	Title = {{Static Prediction of Heap Space Usage for First-Order Functional Programs}},
	Year = {2003},
	Bdsk-Url-1 = {https://doi.org/10.1145/604131.604148}}

@book{book:PFPL16,
	Author = {Harper, Robert},
	Date-Added = {2018-07-05 23:48:11 +0000},
	Date-Modified = {2020-08-09 14:44:35 -0400},
	Publisher = {Cambridge University Press},
	Title = {{Practical Foundations for Programming Languages}},
	Url = {https://dl.acm.org/doi/book/10.5555/3002812},
	Year = {2016},
	Bdsk-Url-1 = {https://dl.acm.org/doi/book/10.5555/3002812}}

@inproceedings{POPL:HAH11,
	Author = {Hoffmann, Jan and Aehlig, Klaus and Hofmann, Martin},
	Booktitle = popl,
	Date-Added = {2018-07-05 23:30:34 +0000},
	Date-Modified = {2020-08-09 21:11:30 -0400},
	Doi = {10.1145/1926385.1926427},
	Series = {POPL'11},
	Title = {{Multivariate Amortized Resource Analysis}},
	Year = {2011},
	Bdsk-Url-1 = {https://doi.org/10.1145/1926385.1926427}}

@article{JADM:Tarjan85,
	Author = {Tarjan, Robert Endre},
	Date-Added = {2018-07-04 02:43:35 +0000},
	Date-Modified = {2020-08-09 20:01:35 -0400},
	Doi = {10.1137/0606031},
	Journal = jadm,
	Month = {August},
	Number = {2},
	Title = {{Amortized Computational Complexity}},
	Volume = {6},
	Year = {1985},
	Bdsk-Url-1 = {https://doi.org/10.1137/0606031}}

@inproceedings{POPL:HDW17,
	Author = {Hoffmann, Jan and Das, Ankush and Weng, Shu-Chun},
	Booktitle = popl,
	Date-Added = {2018-07-03 03:50:26 +0000},
	Date-Modified = {2020-08-09 21:12:13 -0400},
	Doi = {10.1145/3009837.3009842},
	Series = {POPL'17},
	Title = {{Towards Automatic Resource Bound Analysis for OCaml}},
	Year = {2017},
	Bdsk-Url-1 = {https://doi.org/10.1145/3009837.3009842}}

@article{JAR:AAG11,
	Author = {Albert, Elvira and Arenas, Puri and Genaim, Samir and Puebla, Germ{\'a}n},
	Date-Added = {2018-07-03 03:48:09 +0000},
	Date-Modified = {2020-08-09 04:23:16 -0400},
	Doi = {10.1007/s10817-010-9174-1},
	Journal = jar,
	Month = {February},
	Number = {2},
	Title = {{Closed-Form Upper Bounds in Static Cost Analysis}},
	Volume = {46},
	Year = {2011},
	Bdsk-Url-1 = {https://doi.org/10.1007/s10817-010-9174-1}}

@inproceedings{POPL:JHL10,
	Author = {Jost, Steffen and Hammond, Kevin and Loidl, Hans-Wolfgang and Hofmann, Martin},
	Booktitle = popl,
	Date-Added = {2018-07-03 03:43:36 +0000},
	Date-Modified = {2020-08-09 21:13:57 -0400},
	Doi = {10.1145/1706299.1706327},
	Series = {POPL'10},
	Title = {{Static Determination of Quantitative Resource Usage for Higher-Order Programs}},
	Year = {2010},
	Bdsk-Url-1 = {https://doi.org/10.1145/1706299.1706327}}

@article{ENTCS:AAG09,
	Author = {Albert, Elvira and Arenas, Puri and Genaim, Samir and G{\'o}mez-Zamalloa, Miguel and Puebla, Germ{\'a}n and Ram{\'i}rez, Danilo P{\'a}stor and Rom{\'a}n, G. and Zanardini, Damiano},
	Date-Added = {2018-07-03 03:41:22 +0000},
	Date-Modified = {2020-08-12 13:59:54 -0400},
	Doi = {10.1016/j.entcs.2009.12.008},
	Journal = entcs,
	Month = {December},
	Number = {1},
	Title = {{Termination and Cost Analysis with COSTA and its User Interfaces}},
	Volume = {258},
	Year = {2009},
	Bdsk-Url-1 = {https://doi.org/10.1016/j.entcs.2009.12.008}}

@inproceedings{CAV:Gulwani09,
	Author = {Gulwani, Sumit},
	Booktitle = cav,
	Date-Added = {2018-07-03 03:38:38 +0000},
	Date-Modified = {2020-08-09 15:04:29 -0400},
	Doi = {10.1007/978-3-642-02658-4_7},
	Series = {CAV'09},
	Title = {{SPEED: Symbolic Complexity Bound Analysis}},
	Year = {2009},
	Bdsk-Url-1 = {https://doi.org/10.1007/978-3-642-02658-4_7}}

@inproceedings{WSS:FM00,
	Author = {Forrester, Justin E. and Miller, Barton P.},
	Booktitle = wss,
	Date-Added = {2018-07-03 03:16:17 +0000},
	Date-Modified = {2020-08-09 03:10:07 -0400},
	Series = {WSS'00},
	Title = {{An Empirical Study of the Robustness of Windows NT Applications Using Random Testing}},
	Url = {https://dl.acm.org/doi/10.5555/1267102.1267108},
	Year = {2000},
	Bdsk-Url-1 = {https://dl.acm.org/doi/10.5555/1267102.1267108}}

@inproceedings{NDSS:GLM08,
	Author = {Godefroid, Patrice and Levin, Michael Y. and Molnar, David A.},
	Booktitle = ndss,
	Date-Added = {2018-07-03 03:14:20 +0000},
	Date-Modified = {2020-08-09 03:42:01 -0400},
	Series = {NDSS'08},
	Title = {{Automated Whitebox Fuzz Testing}},
	Year = {2008}}

@inproceedings{PLDI:GKS05,
	Author = {Godefroid, Patrice and Klarlund, Nils and Sen, Koushik},
	Booktitle = pldi,
	Date-Added = {2018-07-03 03:08:44 +0000},
	Date-Modified = {2020-08-09 20:47:51 -0400},
	Doi = {10.1145/1065010.1065036},
	Series = {PLDI'05},
	Title = {{DART: Directed Automated Random Testing}},
	Year = {2005},
	Bdsk-Url-1 = {https://doi.org/10.1145/1065010.1065036}}

@inproceedings{FSE:SMA05,
	Author = {Sen, Koushik and Marinov, Darko and Agha, Gul},
	Booktitle = fse,
	Date-Added = {2018-07-03 03:07:46 +0000},
	Date-Modified = {2020-08-09 04:39:45 -0400},
	Doi = {10.1145/1095430.1081750},
	Series = {FSE'05},
	Title = {{CUTE: A Concolic Unit Testing Engine for C}},
	Year = {2005},
	Bdsk-Url-1 = {https://doi.org/10.1145/1095430.1081750}}

@inproceedings{CCS:PZK17,
	Author = {Petsios, Theofilos and Zhao, Jason and Keromytis, Angelos D. and Jana, Suman},
	Booktitle = ccs,
	Date-Added = {2018-07-03 03:03:51 +0000},
	Date-Modified = {2020-08-09 15:09:00 -0400},
	Doi = {10.1145/3133956.3134073},
	Series = {CCS'17},
	Title = {{SlowFuzz: Automated Domain-Independent Detection of Algorithmic Complexity Vulnerabilities}},
	Year = {2017},
	Bdsk-Url-1 = {https://doi.org/10.1145/3133956.3134073}}

@inproceedings{SP:NDF17,
	Author = {Ngo, Van Chan and Dehesa-Azuara, Mario and Fredrikson, Matthew and Hoffmann, Jan},
	Booktitle = sp,
	Date-Added = {2018-07-03 02:27:25 +0000},
	Date-Modified = {2020-08-09 21:36:33 -0400},
	Doi = {10.1109/SP.2017.53},
	Series = {SP'17},
	Title = {{Verifying and Synthesizing Constant-Resource Implementations with Types}},
	Year = {2017},
	Bdsk-Url-1 = {https://doi.org/10.1109/SP.2017.53}}

@inproceedings{USENIX:CW03,
	Author = {Crosby, Scott A. and Wallach, Dan S.},
	Booktitle = usenix,
	Date-Added = {2018-07-03 02:23:55 +0000},
	Date-Modified = {2020-08-09 22:00:09 -0400},
	Series = {USENIX'03},
	Title = {{Denial of Service via Algorithmic Complexity Attacks}},
	Url = {https://dl.acm.org/doi/10.5555/1251353.1251356},
	Year = {2003},
	Bdsk-Url-1 = {https://dl.acm.org/doi/10.5555/1251353.1251356}}

@article{JSPE:McIlroy99,
	Author = {McIlroy, M. D.},
	Date-Added = {2018-07-03 02:20:41 +0000},
	Date-Modified = {2020-08-09 19:52:17 -0400},
	Journal = jspe,
	Month = {April},
	Number = {4},
	Title = {{A Killer Adversary for Quicksort}},
	Url = {https://dl.acm.org/doi/10.5555/311868.311871},
	Volume = {29},
	Year = {1999},
	Bdsk-Url-1 = {https://dl.acm.org/doi/10.5555/311868.311871}}

@inproceedings{ISSTA:KNP18,
	Author = {Noller, Yannic and Kersten, Rody and P{\u a}s{\u a}reanu, Corina S.},
	Booktitle = issta,
	Date-Added = {2018-06-30 05:06:37 +0000},
	Date-Modified = {2020-08-09 04:02:07 -0400},
	Doi = {10.1145/3213846.3213868},
	Series = {ISSTA'18},
	Title = {{Badger: Complexity Analysis with Fuzzing and Symbolic Execution}},
	Year = {2018},
	Bdsk-Url-1 = {https://doi.org/10.1145/3213846.3213868}}

@inproceedings{LICS:MMR15,
	Author = {McIver, Annabelle K. and Morgan, Carroll C. and Rabehaja, Tahiry M.},
	Booktitle = lics,
	Date-Added = {2018-06-30 03:00:12 +0000},
	Date-Modified = {2020-08-09 21:46:37 -0400},
	Doi = {10.1109/LICS.2015.61},
	Series = {LICS'15},
	Title = {{Abstract Hidden Markov Models: A Monadic Account of Quantitative Information Flow}},
	Year = {2015},
	Bdsk-Url-1 = {https://doi.org/10.1109/LICS.2015.61}}

@inproceedings{MPC:Morgan06,
	Author = {Morgan, Carroll C.},
	Booktitle = mpc,
	Date-Added = {2018-06-30 02:58:46 +0000},
	Date-Modified = {2020-08-09 21:33:16 -0400},
	Doi = {10.1007/11783596_21},
	Series = {MPC'06},
	Title = {{The Shadow Knows: Refinement of Ignorance in Sequential Programs}},
	Year = {2006},
	Bdsk-Url-1 = {https://doi.org/10.1007/11783596_21}}

@article{JFAC:Morgan12,
	Author = {Morgan, Carroll C.},
	Date-Added = {2018-06-30 02:57:25 +0000},
	Date-Modified = {2020-08-09 21:33:10 -0400},
	Doi = {10.1007/s00165-010-0167-y},
	Journal = jfac,
	Month = {January},
	Number = {1},
	Title = {{Compositional noninterference from first principles}},
	Volume = {24},
	Year = {2012},
	Bdsk-Url-1 = {https://doi.org/10.1007/s00165-010-0167-y}}

@inproceedings{POPL:BKO12,
	Author = {Barthe, Gilles and K{\"o}pf, Boris and Olmedo, Federico and Zanella B{\'e}guelin, Santiago},
	Booktitle = popl,
	Date-Added = {2018-06-30 02:55:59 +0000},
	Date-Modified = {2020-08-09 20:59:05 -0400},
	Doi = {10.1145/2492061},
	Series = {POPL'12},
	Title = {{Probabilistic Relational Reasoning for Differential Privacy}},
	Year = {2012},
	Bdsk-Url-1 = {https://doi.org/10.1145/2492061}}

@inproceedings{POPL:Agat00,
	Author = {Agat, Johan},
	Booktitle = popl,
	Date-Added = {2018-06-30 02:54:32 +0000},
	Date-Modified = {2020-08-09 20:57:36 -0400},
	Doi = {10.1145/325694.325702},
	Series = {POPL'00},
	Title = {{Transforming out Timing Leaks}},
	Year = {2000},
	Bdsk-Url-1 = {https://doi.org/10.1145/325694.325702}}

@article{JCS:CS10,
	Author = {Clarkson, Michael R. and Schneider, Fred B.},
	Date-Added = {2018-06-30 02:51:02 +0000},
	Date-Modified = {2020-08-09 16:57:01 -0400},
	Doi = {10.3233/JCS-2009-0393},
	Journal = jcs,
	Month = {September},
	Number = {6},
	Title = {{Hyperproperties}},
	Volume = {18},
	Year = {2010},
	Bdsk-Url-1 = {https://doi.org/10.3233/JCS-2009-0393}}

@inproceedings{CAV:KNP11,
	Author = {Kwiatkowska, Marta and Norman, Gethin and Parker, David},
	Booktitle = cav,
	Date-Added = {2018-06-30 02:49:22 +0000},
	Date-Modified = {2020-08-09 15:29:27 -0400},
	Doi = {10.1007/978-3-642-22110-1_47},
	Series = {CAV'11},
	Title = {{PRISM 4.0: Verification of Probabilistic Real-Time Systems}},
	Year = {2011},
	Bdsk-Url-1 = {https://doi.org/10.1007/978-3-642-22110-1_47}}

@inproceedings{CAV:FRS15,
	Author = {Finkbeiner, Bernd and Rabe, Markus N. and S{\'a}nchez, C{\'e}sar},
	Booktitle = cav,
	Date-Added = {2018-06-30 02:47:52 +0000},
	Date-Modified = {2020-08-09 02:56:37 -0400},
	Doi = {10.1007/978-3-319-21690-4_3},
	Series = {CAV'15},
	Title = {{Algorithms for Model Checking HyperLTL and HyperCTL$^*$}},
	Year = {2015},
	Bdsk-Url-1 = {https://doi.org/10.1007/978-3-319-21690-4_3}}

@inproceedings{POST:CFK14,
	Author = {Clarkson, Michael R. and Finkbeiner, Bernd and Koleini, Masoud and Micinski, Kristopher K. and Rabe, Markus N. and S{\'a}nchez, C{\'e}sar},
	Booktitle = post,
	Date-Added = {2018-06-30 02:45:14 +0000},
	Date-Modified = {2020-08-09 21:25:35 -0400},
	Doi = {10.1007/978-3-642-54792-8_15},
	Series = {POST'14},
	Title = {{Temporal Logics for Hyperproperties}},
	Year = {2014},
	Bdsk-Url-1 = {https://doi.org/10.1007/978-3-642-54792-8_15}}

@article{JIS:DHW11,
	Author = {Di Pierro, Alessandra and Hankin, Chris and Wiklicky, Herbert},
	Date-Added = {2018-06-30 02:43:17 +0000},
	Date-Modified = {2020-08-09 17:41:56 -0400},
	Doi = {10.1007/s10207-010-0107-0},
	Journal = jis,
	Month = {June},
	Number = {2},
	Title = {{Probabilistic Timing Covert Channels: To Close or not to Close?}},
	Volume = {10},
	Year = {2011},
	Bdsk-Url-1 = {https://doi.org/10.1007/s10207-010-0107-0}}

@article{FMSD:CKS04,
	Author = {Clarke, Edmund and Kroening, Daniel and Sharygina, Natasha and Yorav, Karen},
	Date-Added = {2018-06-30 02:38:58 +0000},
	Date-Modified = {2020-08-09 17:30:26 -0400},
	Doi = {10.1023/B:FORM.0000040025.89719.f3},
	Journal = fmsd,
	Month = {September},
	Number = {2},
	Title = {{Predicate Abstraction of ANSI-C Programs Using SAT}},
	Volume = {25},
	Year = {2004},
	Bdsk-Url-1 = {https://doi.org/10.1023/B:FORM.0000040025.89719.f3}}

@inproceedings{PLDI:BMM01,
	Author = {Ball, Thomas and Majumdar, Rupak and Millstein, Todd and Rajamani, Sriram K.},
	Booktitle = pldi,
	Date-Added = {2018-06-30 02:36:30 +0000},
	Date-Modified = {2020-08-09 03:49:14 -0400},
	Doi = {10.1145/378795.378846},
	Series = {PLDI'01},
	Title = {{Automatic Predicate Abstraction of C Programs}},
	Year = {2001},
	Bdsk-Url-1 = {https://doi.org/10.1145/378795.378846}}

@article{JMCM:YD06,
	Author = {Yuan, Changhe and Druzdzel, Marek J.},
	Date-Added = {2018-05-02 21:57:35 +0000},
	Date-Modified = {2020-08-09 20:05:50 -0400},
	Journal = jmcm,
	Number = {9},
	Title = {{Importance sampling algorithms for Bayesian networks: Principles and performance}},
	Volume = {43},
	Year = {2006}}

@inproceedings{ESOP:BKK18,
	Author = {Batz, Kevin and Kaminski, Benjamin Lucien and Katoen, Joost-Pieter and Matheja, Christoph},
	Booktitle = esop,
	Date-Added = {2018-04-17 01:12:33 +0000},
	Date-Modified = {2020-08-09 15:30:47 -0400},
	Doi = {10.1007/978-3-319-89884-1_7},
	Series = {ESOP'18},
	Title = {{How long, O Bayesian network, will I sample thee?}},
	Year = {2018},
	Bdsk-Url-1 = {https://doi.org/10.1007/978-3-319-89884-1_7}}

@book{book:KF09,
	Author = {Koller, Daphne and Friedman, Nir},
	Date-Added = {2018-04-17 00:45:42 +0000},
	Date-Modified = {2020-08-09 14:46:17 -0400},
	Publisher = {The MIT Press},
	Title = {{Probabilistic Graphical Models: Principles and Techniques - Adaptive Computation and Machine Learning}},
	Url = {https://dl.acm.org/doi/book/10.5555/1795555},
	Year = {2009},
	Bdsk-Url-1 = {https://dl.acm.org/doi/book/10.5555/1795555}}

@article{JAI:DL93,
	Author = {Dagum, Paul and Luby, Michael},
	Date-Added = {2018-04-17 00:43:13 +0000},
	Date-Modified = {2020-08-09 03:28:56 -0400},
	Doi = {10.1016/0004-3702(93)90036-B},
	Journal = jai,
	Month = {March},
	Number = {1},
	Title = {{Approximating Probabilistic Inference in Bayesian Belief Networks is NP--Hard}},
	Volume = {60},
	Year = {1993},
	Bdsk-Url-1 = {https://doi.org/10.1016/0004-3702(93)90036-B}}

@article{JAI:Cooper90,
	Author = {Cooper, Gregory F.},
	Date-Added = {2018-04-17 00:40:55 +0000},
	Date-Modified = {2020-08-09 16:54:07 -0400},
	Doi = {10.1016/0004-3702(90)90060-D},
	Journal = jai,
	Month = {March},
	Number = {2},
	Title = {{The Computational Complexity of Probabilistic Inference Using Bayesian Belief Networks}},
	Volume = {42},
	Year = {1990},
	Bdsk-Url-1 = {https://doi.org/10.1016/0004-3702(90)90060-D}}

@misc{misc:BNR18,
	Author = {Scutari, Marco},
	Date-Added = {2018-04-17 00:21:04 +0000},
	Date-Modified = {2020-08-09 20:18:10 -0400},
	Howpublished = {Available on \url{https://www.bnlearn.com}},
	Title = {{Bayesian Network Repository}},
	Year = {2018}}

@article{JMSCS:MMM11,
	Author = {McIver, Annabelle K. and Meinicke, Larissa A. and Morgan, Carroll C.},
	Date-Added = {2018-04-10 17:32:40 +0000},
	Date-Modified = {2020-08-09 21:32:27 -0400},
	Doi = {10.1017/S0960129513000625},
	Journal = jmscs,
	Month = {February},
	Number = {2},
	Title = {{Hidden-Markov Program Algebra with Iteration}},
	Volume = {25},
	Year = {2015},
	Bdsk-Url-1 = {https://doi.org/10.1017/S0960129513000625}}

@inproceedings{LICS:MMM12,
	Author = {McIver, Annabelle K. and Meinicke, Larissa A. and Morgan, Carroll C.},
	Booktitle = lics,
	Date-Added = {2018-04-10 17:30:38 +0000},
	Date-Modified = {2020-08-09 21:32:34 -0400},
	Doi = {10.1109/LICS.2012.56},
	Series = {LICS'12},
	Title = {{A Kantorovich-Monadic Powerdomain for Information Hiding, with Probability and Nondeterminism}},
	Year = {2012},
	Bdsk-Url-1 = {https://doi.org/10.1109/LICS.2012.56}}

@article{TOPLAS:OGJ18,
	Author = {Olmedo, Federico and Gretz, Friedrich and Jansen, Nils and Kaminski, Benjamin Lucien and Katoen, Joost-Pieter and McIver, Annabelle K.},
	Date-Added = {2018-04-06 18:49:44 +0000},
	Date-Modified = {2020-08-09 21:51:51 -0400},
	Doi = {10.1145/3156018},
	Journal = toplas,
	Month = {January},
	Number = {1},
	Title = {{Conditioning in Probabilistic Programming}},
	Volume = {40},
	Year = {2018},
	Bdsk-Url-1 = {https://doi.org/10.1145/3156018}}

@inproceedings{TACAS:BPR01,
	Author = {Ball, Thomas and Podelski, Andreas and Rajamani, Sriram K.},
	Booktitle = tacas,
	Date-Added = {2018-03-26 18:10:17 +0000},
	Date-Modified = {2020-08-09 04:11:10 -0400},
	Doi = {10.1007/3-540-45319-9_19},
	Series = {TACAS'01},
	Title = {{Boolean and Cartesian Abstraction for Model Checking C Programs}},
	Year = {2001},
	Bdsk-Url-1 = {https://doi.org/10.1007/3-540-45319-9_19}}

@inproceedings{CAV:GS97,
	Author = {Graf, Susanne and Saidi, Hassen},
	Booktitle = cav,
	Date-Added = {2018-03-26 17:53:31 +0000},
	Date-Modified = {2020-08-09 04:35:14 -0400},
	Doi = {10.1007/3-540-63166-6_10},
	Series = {CAV'97},
	Title = {{Construction of Abstract State Graphs with PVS}},
	Year = {1997},
	Bdsk-Url-1 = {https://doi.org/10.1007/3-540-63166-6_10}}

@inproceedings{EMNLP:LE09,
	Author = {Li, Zhifei and Eisner, Jason},
	Booktitle = emnlp,
	Date-Added = {2018-03-26 17:40:56 +0000},
	Date-Modified = {2020-08-09 19:42:47 -0400},
	Series = {EMNLP'09},
	Title = {{First- and Second-Order Expectation Semirings with Applications to Minimum-Risk Training on Translation Forests}},
	Url = {https://dl.acm.org/doi/10.5555/1699510.1699517},
	Year = {2009},
	Bdsk-Url-1 = {https://dl.acm.org/doi/10.5555/1699510.1699517}}

@inproceedings{AGAS:MW91,
	Author = {M{\"o}ncke, Ulrich and Wilhelm, Reinhard},
	Booktitle = agas,
	Date-Added = {2018-03-26 17:33:13 +0000},
	Date-Modified = {2020-08-09 19:57:38 -0400},
	Doi = {10.1007/3-540-54572-7_6},
	Title = {{Grammar Flow Analysis}},
	Year = {1991},
	Bdsk-Url-1 = {https://doi.org/10.1007/3-540-54572-7_6}}

@article{JALG:RR96,
	Author = {Ramalingam, Ganesan and Reps, Thomas},
	Date-Added = {2018-03-26 17:30:48 +0000},
	Date-Modified = {2020-08-09 03:14:07 -0400},
	Doi = {10.1006/jagm.1996.0046},
	Journal = jalg,
	Month = {September},
	Number = {2},
	Title = {{An Incremental Algorithm for a Generalization of the Shortest-Path Problem}},
	Volume = {21},
	Year = {1996},
	Bdsk-Url-1 = {https://doi.org/10.1006/jagm.1996.0046}}

@article{JIPL:Knuth77,
	Author = {Knuth, Donald E.},
	Date-Added = {2018-03-26 17:29:59 +0000},
	Date-Modified = {2020-08-09 19:40:45 -0400},
	Doi = {10.1016/0020-0190(77)90002-3},
	Journal = jipl,
	Month = {February},
	Number = {1},
	Title = {{A Generalization of Dijkstra's Algorithm}},
	Volume = {6},
	Year = {1977},
	Bdsk-Url-1 = {https://doi.org/10.1016/0020-0190(77)90002-3}}

@inproceedings{CAV:JM09,
	Author = {Jeannet, Bertrand and Min{\'e}, Antoine},
	Booktitle = cav,
	Date-Added = {2018-03-26 17:25:53 +0000},
	Date-Modified = {2020-08-09 03:31:09 -0400},
	Doi = {10.1007/978-3-642-02658-4_52},
	Series = {CAV'09},
	Title = {{Apron: A Library of Numerical Abstract Domains for Static Analysis}},
	Year = {2009},
	Bdsk-Url-1 = {https://doi.org/10.1007/978-3-642-02658-4_52}}

@misc{misc:Lacaml,
	Author = {Mottl, Markus},
	Date-Added = {2018-03-26 17:24:59 +0000},
	Date-Modified = {2020-08-09 20:26:36 -0400},
	Howpublished = {Available on \url{https://github.com/mmottl/lacaml}},
	Title = {{Lacaml - Linear Algebra for OCaml}},
	Year = {2017}}

@inproceedings{TFP:CFS07,
	Author = {Conchon, Sylvain and Filli{\^a}tre, Jean-Christophe and Signoles, Julien},
	Booktitle = tfp,
	Date-Added = {2018-03-26 17:23:51 +0000},
	Date-Modified = {2020-08-09 17:26:34 -0400},
	Title = {{Designing a Generic Graph Library Using ML Functors}},
	Year = {2007}}

@phdthesis{phd:Halbwachs79,
	Author = {Halbwachs, Nicolas},
	Date-Added = {2018-03-26 17:22:07 +0000},
	Date-Modified = {2020-08-09 20:42:04 -0400},
	School = {Universit{\'e} Joseph-Fourier},
	Title = {{D{\'e}termination automatique de relations lin{\'e}aires v{\'e}rifi{\'e}es par les variables d'un programme}},
	Year = {1979}}

@inproceedings{VMCAI:Mine06,
	Author = {Min{\'e}, Antoine},
	Booktitle = vmcai,
	Date-Added = {2018-03-26 17:20:54 +0000},
	Date-Modified = {2020-08-09 22:00:49 -0400},
	Doi = {10.1007/11609773_23},
	Series = {VMCAI'06},
	Title = {{Symbolic Methods to Enhance the Precision of Numerical Abstract Domains}},
	Year = {2006},
	Bdsk-Url-1 = {https://doi.org/10.1007/11609773_23}}

@inproceedings{POPL:CH78,
	Author = {Cousot, Patrick and Halbwachs, Nicolas},
	Booktitle = popl,
	Date-Added = {2018-03-26 17:19:45 +0000},
	Date-Modified = {2020-08-09 03:47:11 -0400},
	Doi = {10.1145/512760.512770},
	Series = {POPL'78},
	Title = {{Automatic Discovery of Linear Constraints Among Variables of a Program}},
	Year = {1978},
	Bdsk-Url-1 = {https://doi.org/10.1145/512760.512770}}

@incollection{kn:Cousot81,
	Author = {Cousot, Patrick},
	Booktitle = {Program Flow Analysis: Theory and Applications},
	Date-Added = {2018-03-26 17:16:21 +0000},
	Date-Modified = {2020-08-09 17:22:29 -0400},
	Publisher = {Prentice-Hall, Inc.},
	Title = {{Semantic Foundations of Program Analysis}},
	Year = {1981}}

@article{JTCS:SRH96,
	Author = {Sagiv, Mooly and Reps, Thomas and Horwitz, Susan},
	Date-Added = {2018-03-26 17:14:20 +0000},
	Date-Modified = {2020-08-09 21:48:26 -0400},
	Doi = {10.1016/0304-3975(96)00072-2},
	Journal = jtcs,
	Number = {1},
	Title = {{Precise Interprocedural Dataflow Analysis with Applications to Constant Propagation}},
	Volume = {167},
	Year = {1996},
	Bdsk-Url-1 = {https://doi.org/10.1016/0304-3975(96)00072-2}}

@inproceedings{FSE:HRS95,
	Author = {Horwitz, Susan and Reps, Thomas and Sagiv, Mooly},
	Booktitle = fse,
	Date-Added = {2018-03-26 17:13:28 +0000},
	Date-Modified = {2020-08-09 16:14:05 -0400},
	Doi = {10.1145/222132.222146},
	Series = {FSE'95},
	Title = {{Demand Interprocedural Dataflow Analysis}},
	Year = {1995},
	Bdsk-Url-1 = {https://doi.org/10.1145/222132.222146}}

@inproceedings{POPL:RHS95,
	Author = {Reps, Thomas and Horwitz, Susan and Sagiv, Mooly},
	Booktitle = popl,
	Date-Added = {2018-03-26 17:12:07 +0000},
	Date-Modified = {2020-08-09 21:21:21 -0400},
	Doi = {10.1145/199448.199462},
	Series = {POPL'95},
	Title = {{Precise Interprocedural Dataflow Analysis via Graph Reachability}},
	Year = {1995},
	Bdsk-Url-1 = {https://doi.org/10.1145/199448.199462}}

@article{ENTCS:WHR19,
	Author = {Wang, Di and Hoffmann, Jan and Reps, Thomas},
	Date-Added = {2018-03-26 17:10:27 +0000},
	Date-Modified = {2020-08-09 22:18:07 -0400},
	Doi = {10.1016/j.entcs.2019.09.016},
	Journal = entcs,
	Month = {November},
	Title = {{A Denotational Semantics for Low-Level Probabilistic Programs with Nondeterminism}},
	Volume = {347},
	Year = {2019},
	Bdsk-Url-1 = {https://doi.org/10.1016/j.entcs.2019.09.016}}

@inproceedings{FMPTA:Bourdoncle93,
	Author = {Bourdoncle, Fran{\c c}ois},
	Booktitle = fmpta,
	Date-Added = {2018-03-26 17:08:13 +0000},
	Date-Modified = {2020-08-09 17:18:36 -0400},
	Doi = {10.1007/BFb0039704},
	Title = {{Efficient Chaotic Iteration Strategies With Widenings}},
	Year = {1993},
	Bdsk-Url-1 = {https://doi.org/10.1007/BFb0039704}}

@inproceedings{POPL:Kildall73,
	Author = {Kildall, Gary A.},
	Booktitle = popl,
	Date-Added = {2018-03-26 17:07:05 +0000},
	Date-Modified = {2020-08-06 03:13:53 -0400},
	Doi = {10.1145/512927.512945},
	Series = {POPL'73},
	Title = {{A Unified Approach to Global Program Optimization}},
	Year = {1973},
	Bdsk-Url-1 = {https://doi.org/10.1145/512927.512945}}

@book{book:Ramalingam96,
	Author = {Ramalingam, Ganesan},
	Date-Added = {2018-03-26 17:05:33 +0000},
	Date-Modified = {2020-08-09 04:13:17 -0400},
	Doi = {10.1007/BFb0028290},
	Publisher = {Springer-Verlag},
	Title = {{Bounded Incremental Computation}},
	Year = {1996},
	Bdsk-Url-1 = {https://doi.org/10.1007/BFb0028290}}

@article{JACM:Tarjan81,
	Author = {Tarjan, Robert Endre},
	Date-Added = {2018-03-26 17:04:40 +0000},
	Date-Modified = {2020-08-06 03:14:42 -0400},
	Doi = {10.1145/322261.322272},
	Journal = jacm,
	Month = {July},
	Number = {3},
	Title = {{A Unified Approach to Path Problems}},
	Volume = {28},
	Year = {1981},
	Bdsk-Url-1 = {https://doi.org/10.1145/322261.322272}}

@inproceedings{FDPC:CC78,
	Author = {Cousot, Patrick and Cousot, Radhia},
	Booktitle = fdpc,
	Date-Added = {2018-03-26 17:03:28 +0000},
	Date-Modified = {2020-08-09 17:24:25 -0400},
	Title = {{Static Determination of Dynamic Properties of Recursive Procedures}},
	Year = {1978}}

@inproceedings{CAV:LRB05,
	Author = {Lal, Akash and Reps, Thomas and Balakrishnan, Gogul},
	Booktitle = cav,
	Date-Added = {2018-03-26 17:02:05 +0000},
	Date-Modified = {2020-08-09 15:05:42 -0400},
	Doi = {10.1007/11513988_44},
	Series = {CAV'05},
	Title = {{Extended Weighted Pushdown Systems}},
	Year = {2005},
	Bdsk-Url-1 = {https://doi.org/10.1007/11513988_44}}

@incollection{kn:SP81,
	Author = {Sharir, Micha and Pnueli, Amir},
	Booktitle = {Program Flow Analysis: Theory and Applications},
	Date-Added = {2018-03-26 17:00:39 +0000},
	Date-Modified = {2020-08-09 23:04:05 -0400},
	Publisher = {Prentice-Hall, Inc.},
	Title = {{Two Approaches to Interprocedural Data Flow Analysis}},
	Year = {1981}}

@article{CACM:Hoare69,
	Author = {Hoare, C. A. R.},
	Date-Added = {2018-03-26 16:57:49 +0000},
	Date-Modified = {2020-08-09 03:07:56 -0400},
	Doi = {10.1145/363235.363259},
	Journal = cacm,
	Month = {October},
	Number = {10},
	Title = {{An Axiomatic Basis for Computer Programming}},
	Volume = {12},
	Year = {1969},
	Bdsk-Url-1 = {https://doi.org/10.1145/363235.363259}}

@inproceedings{CAV:GMV16,
	Author = {Gehr, Timon and Misailovic, Sasa and Vechev, Martin},
	Booktitle = cav,
	Date-Added = {2018-03-26 16:50:37 +0000},
	Date-Modified = {2020-08-09 15:03:54 -0400},
	Doi = {10.1007/978-3-319-41528-4_4},
	Series = {CAV'16},
	Title = {{PSI: Exact Symbolic Inference for Probabilistic Programs}},
	Year = {2016},
	Bdsk-Url-1 = {https://doi.org/10.1007/978-3-319-41528-4_4}}

@inproceedings{CAV:CFG16,
	Author = {Chatterjee, Krishnendu and Fu, Hongfei and Goharshady, Amir Kafshdar},
	Booktitle = cav,
	Date-Added = {2018-03-26 16:48:10 +0000},
	Date-Modified = {2020-08-09 15:00:30 -0400},
	Doi = {10.1007/978-3-319-41528-4_1},
	Series = {CAV'16},
	Title = {{Termination Analysis of Probabilistic Programs Through Positivstellensatz's}},
	Year = {2016},
	Bdsk-Url-1 = {https://doi.org/10.1007/978-3-319-41528-4_1}}

@article{NATURE:Ghahramani15,
	Author = {Ghahramani, Zoubin},
	Date-Added = {2018-02-02 14:44:54 +0000},
	Date-Modified = {2020-08-09 17:46:54 -0400},
	Doi = {10.1038/nature14541},
	Journal = nature,
	Month = {May},
	Title = {{Probabilistic machine learning and artificial intelligence}},
	Volume = {521},
	Year = {2015},
	Bdsk-Url-1 = {https://doi.org/10.1038/nature14541}}

@inproceedings{POPL:BGZ09,
	Author = {Barthe, Gilles and Gr{\'e}goire, Benjamin and Zanella B{\'e}guelin, Santiago},
	Booktitle = popl,
	Date-Added = {2018-02-02 14:42:54 +0000},
	Date-Modified = {2020-08-10 11:58:47 -0400},
	Doi = {10.1145/1594834.1480894},
	Series = {POPL'09},
	Title = {{Formal Certification of Code-Based Cryptographic Proofs}},
	Year = {2009},
	Bdsk-Url-1 = {https://doi.org/10.1145/1594834.1480894}}

@inproceedings{ESOP:BEG18,
	Author = {Barthe, Gilles and Espitau, Thomas and Gaboardi, Marco and Gr{\'e}goire, Benjamin and Hsu, Justin and Strub, Pierre-Yves},
	Booktitle = esop,
	Date-Added = {2018-02-02 14:38:08 +0000},
	Date-Modified = {2020-08-06 03:06:32 -0400},
	Doi = {10.1007/978-3-319-89884-1_5},
	Series = {ESOP'18},
	Title = {{An Assertion-Based Program Logic for Probabilistic Programs}},
	Year = {2018},
	Bdsk-Url-1 = {https://doi.org/10.1007/978-3-319-89884-1_5}}

@misc{misc:TATA07,
	Author = {Comon, Hubert and Dauchet, Max and Gilleron, Remi and Jacquemard, Florent and Lugiez, Denis and L{\"o}ding, Christof and Tison, Sophie and Tommasi, Marc},
	Date-Added = {2018-02-01 20:45:14 +0000},
	Date-Modified = {2020-08-09 14:55:52 -0400},
	Howpublished = {Available on \url{http://www.grappa.univ-lille3.fr/tata}},
	Title = {{Tree Automata Techniques and Applications}},
	Year = {2007}}

@inproceedings{CC:KS92,
	Author = {Knoop, Jens and Steffen, Bernhard},
	Booktitle = cc,
	Date-Added = {2018-02-01 20:44:53 +0000},
	Date-Modified = {2020-08-09 15:07:26 -0400},
	Doi = {10.1007/3-540-55984-1_13},
	Series = {CC'92},
	Title = {{The Interprocedural Coincidence Theorem}},
	Year = {1992},
	Bdsk-Url-1 = {https://doi.org/10.1007/3-540-55984-1_13}}

@inproceedings{POPL:CC79,
	Author = {Cousot, Patrick and Cousot, Radhia},
	Booktitle = popl,
	Date-Added = {2018-02-01 20:44:09 +0000},
	Date-Modified = {2020-08-09 21:00:28 -0400},
	Doi = {10.1145/567752.567778},
	Series = {POPL'79},
	Title = {{Systematic Design of Program Analysis Frameworks}},
	Year = {1979},
	Bdsk-Url-1 = {https://doi.org/10.1145/567752.567778}}

@inproceedings{POPL:MS04,
	Author = {M{\"u}ller-Olm, Markus and Seidl, Helmut},
	Booktitle = popl,
	Date-Added = {2018-02-01 20:43:51 +0000},
	Date-Modified = {2020-08-09 21:20:00 -0400},
	Doi = {10.1145/964001.964029},
	Series = {POPL'04},
	Title = {{Precise Interprocedural Analysis through Linear Algebra}},
	Year = {2004},
	Bdsk-Url-1 = {https://doi.org/10.1145/964001.964029}}

@inproceedings{TACAS:LTK08,
	Author = {Lal, Akash and Touili, Tayssir and Kidd, Nicholas and Reps, Thomas},
	Booktitle = tacas,
	Date-Added = {2018-02-01 20:43:25 +0000},
	Date-Modified = {2020-08-09 21:42:37 -0400},
	Doi = {10.1007/978-3-540-78800-3_20},
	Series = {TACAS'08},
	Title = {{Interprocedural Analysis of Concurrent Programs Under a Context Bound}},
	Year = {2008},
	Bdsk-Url-1 = {https://doi.org/10.1007/978-3-540-78800-3_20}}

@inproceedings{FMCAD:FK15,
	Author = {Farzan, Azadeh and Kincaid, Zachary},
	Booktitle = fmcad,
	Date-Added = {2018-02-01 20:42:36 +0000},
	Date-Modified = {2020-08-09 17:42:10 -0400},
	Doi = {10.1109/FMCAD.2015.7542253},
	Series = {FMCAD'15},
	Title = {{Compositional Recurrence Analysis}},
	Year = {2015},
	Bdsk-Url-1 = {https://doi.org/10.1109/FMCAD.2015.7542253}}

@inproceedings{POPL:CC77,
	Author = {Cousot, Patrick and Cousot, Radhia},
	Booktitle = popl,
	Date-Added = {2018-02-01 20:41:42 +0000},
	Date-Modified = {2020-08-09 02:32:17 -0400},
	Doi = {10.1145/512950.512973},
	Series = {POPL'77},
	Title = {{Abstract Interpretation: A Unified Latice Model for Static Analysis of Programs by Construction or Approximation of Fixpoints}},
	Year = {1977},
	Bdsk-Url-1 = {https://doi.org/10.1145/512950.512973}}

@book{book:Dijkstra97,
	Author = {Dijkstra, Edsger W.},
	Date-Added = {2018-02-01 20:41:09 +0000},
	Date-Modified = {2020-08-09 14:47:26 -0400},
	Publisher = {Prentice Hall PTR},
	Title = {{A Discipline of Programming}},
	Url = {https://dl.acm.org/doi/book/10.5555/550359},
	Year = {1997},
	Bdsk-Url-1 = {https://dl.acm.org/doi/book/10.5555/550359}}

@inproceedings{ESOP:KKM16,
	Author = {Kaminski, Benjamin Lucien and Katoen, Joost-Pieter and Matheja, Christoph and Olmedo, Federico},
	Booktitle = esop,
	Date-Added = {2018-02-01 20:40:32 +0000},
	Date-Modified = {2020-08-09 15:33:59 -0400},
	Doi = {10.1007/978-3-662-49498-1_15},
	Series = {ESOP'16},
	Title = {{Weakest Precondition Reasoning for Expected Run--Times of Probabilistic Programs}},
	Year = {2016},
	Bdsk-Url-1 = {https://doi.org/10.1007/978-3-662-49498-1_15}}

@article{ENTCS:JT98,
	Author = {Jung, Achim and Tix, Regina},
	Date-Added = {2018-02-01 20:40:08 +0000},
	Date-Modified = {2020-08-09 15:23:12 -0400},
	Doi = {10.1016/S1571-0661(05)80216-6},
	Journal = entcs,
	Title = {{The Troublesome Probabilistic Powerdomain}},
	Volume = {13},
	Year = {1998},
	Bdsk-Url-1 = {https://doi.org/10.1016/S1571-0661(05)80216-6}}

@inproceedings{LICS:Katoen16,
	Author = {Katoen, Joost-Pieter},
	Booktitle = lics,
	Date-Added = {2018-02-01 20:39:44 +0000},
	Date-Modified = {2020-08-09 20:09:54 -0400},
	Doi = {10.1145/2933575.2934574},
	Series = {LICS'16},
	Title = {{The Probabilistic Model Checking Landscape}},
	Year = {2016},
	Bdsk-Url-1 = {https://doi.org/10.1145/2933575.2934574}}

@inproceedings{CONCUR:BSS17,
	Author = {Bonchi, Filippo and Silva, Alexandra and Sokolova, Ana},
	Booktitle = concur,
	Date-Added = {2018-02-01 20:39:11 +0000},
	Date-Modified = {2020-08-09 17:20:09 -0400},
	Doi = {10.4230/LIPIcs.CONCUR.2017.23},
	Series = {CONCUR'17},
	Title = {{The Power of Convex Algebras}},
	Year = {2017},
	Bdsk-Url-1 = {https://doi.org/10.4230/LIPIcs.CONCUR.2017.23}}

@article{JMLR:HG13,
	Author = {Hoffman, Matthew D. and Gelman, Andrew},
	Date-Added = {2018-02-01 20:38:46 +0000},
	Date-Modified = {2020-08-09 17:03:45 -0400},
	Journal = jmlr,
	Month = {January},
	Number = {1},
	Title = {{The No-U-Turn Sampler: Adaptively Setting Path Lengths in Hamiltonian Monte Carlo}},
	Url = {https://dl.acm.org/doi/10.5555/2627435.2638586},
	Volume = {15},
	Year = {2014},
	Bdsk-Url-1 = {https://dl.acm.org/doi/10.5555/2627435.2638586}}

@techreport{TR:Pfeffer05,
	Author = {Pfeffer, Avi},
	Date-Added = {2018-02-01 20:38:23 +0000},
	Date-Modified = {2020-08-09 21:55:05 -0400},
	Institution = {Harvard Computer Science Group},
	Title = {{The Design and Implementation of IBAL: A General-Purpose Probabilistic Language}},
	Year = {2005}}

@article{ENTCS:Panangaden99,
	Author = {Panangaden, Prakash},
	Date-Added = {2018-02-01 20:37:54 +0000},
	Date-Modified = {2020-08-09 15:23:55 -0400},
	Doi = {10.1016/S1571-0661(05)80602-4},
	Journal = entcs,
	Title = {{The Category of Markov Kernels}},
	Volume = {22},
	Year = {1999},
	Bdsk-Url-1 = {https://doi.org/10.1016/S1571-0661(05)80602-4}}

@techreport{TR:KSR07,
	Author = {Kok, Stanley and Singla, Parag and Richardson, Matthew and Domingos, Pedro and Sumner, Marc and Poon, Hoifung},
	Date-Added = {2018-02-01 20:37:20 +0000},
	Date-Modified = {2020-08-09 21:54:42 -0400},
	Institution = {University of Washington},
	Title = {{The Alchemy System for Statistical Relational AI}},
	Year = {2007}}

@inproceedings{CAV:BEF16,
	Author = {Barthe, Gilles and Espitau, Thomas and Ferrer Fioriti, Luis Mar{\'i}a and Hsu, Justin},
	Booktitle = cav,
	Date-Added = {2018-02-01 20:36:58 +0000},
	Date-Modified = {2020-08-12 14:01:05 -0400},
	Doi = {10.1007/978-3-319-41528-4_3},
	Series = {CAV'16},
	Title = {{Synthesizing Probabilistic Invariants via Doob's Decomposition}},
	Year = {2016},
	Bdsk-Url-1 = {https://doi.org/10.1007/978-3-319-41528-4_3}}

@inproceedings{POPL:CNZ17,
	Author = {Chatterjee, Krishnendu and Novotn{\'y}, Petr and {\v Z}ikeli{\'c}, Ðorđe},
	Booktitle = popl,
	Date-Added = {2018-02-01 20:36:21 +0000},
	Date-Modified = {2020-08-09 21:01:18 -0400},
	Doi = {10.1145/3093333.3009873},
	Series = {POPL'17},
	Title = {{Stochastic Invariants for Probabilistic Termination}},
	Year = {2017},
	Bdsk-Url-1 = {https://doi.org/10.1145/3093333.3009873}}

@inproceedings{PLDI:SCG13,
	Author = {Sankaranarayanan, Sriram and Chakarov, Aleksandar and Gulwani, Sumit},
	Booktitle = pldi,
	Date-Added = {2018-02-01 20:36:00 +0000},
	Date-Modified = {2020-08-09 20:52:35 -0400},
	Doi = {10.1145/2491956.2462179},
	Series = {PLDI'13},
	Title = {{Static Analysis for Probabilistic Programs: Inferring Whole Program Properties from Finitely Many Paths}},
	Year = {2013},
	Bdsk-Url-1 = {https://doi.org/10.1145/2491956.2462179}}

@article{JSS:CGH17,
	Author = {Carpenter, Bob and Gelman, Andrew and Hoffman, Matthew D. and Lee, Daniel and Goodrich, Ben and Betancourt, Michael and Brubaker, Marcus and Guo, Jiqiang and Li, Peter and Riddell, Allen},
	Date-Added = {2018-02-01 20:35:03 +0000},
	Date-Modified = {2020-08-09 17:28:28 -0400},
	Doi = {10.18637/jss.v076.i01},
	Journal = jss,
	Number = {1},
	Title = {{Stan: A Probabilistic Programming Language}},
	Volume = {76},
	Year = {2017},
	Bdsk-Url-1 = {https://doi.org/10.18637/jss.v076.i01}}

@inproceedings{POPL:DK14,
	Author = {Darulova, Eva and Kuncak, Viktor},
	Booktitle = popl,
	Date-Added = {2018-02-01 20:34:34 +0000},
	Date-Modified = {2020-08-09 21:03:28 -0400},
	Doi = {10.1145/2578855.2535874},
	Series = {POPL'14},
	Title = {{Sound Compilation of Reals}},
	Year = {2014},
	Bdsk-Url-1 = {https://doi.org/10.1145/2578855.2535874}}

@article{JCSS:Kozen81,
	Author = {Kozen, Dexter},
	Date-Added = {2018-02-01 20:34:11 +0000},
	Date-Modified = {2020-08-09 16:58:47 -0400},
	Doi = {10.1016/0022-0000(81)90036-2},
	Journal = jcss,
	Month = {June},
	Number = {3},
	Title = {{Semantics of Probabilistic Programs}},
	Volume = {22},
	Year = {1981},
	Bdsk-Url-1 = {https://doi.org/10.1016/0022-0000(81)90036-2}}

@inproceedings{LICS:SYH16,
	Author = {Staton, Sam and Yang, Hongseok and Heunen, Chris and Kammar, Ohad},
	Booktitle = lics,
	Date-Added = {2018-02-01 20:33:33 +0000},
	Date-Modified = {2020-08-09 20:12:12 -0400},
	Doi = {10.1145/2933575.2935313},
	Series = {LICS'16},
	Title = {{Semantics for Probabilistic Programming: Higher-Order Functions, Continuous Distributions, and Soft Constraints}},
	Year = {2016},
	Bdsk-Url-1 = {https://doi.org/10.1145/2933575.2935313}}

@article{ENTCS:TKP09,
	Author = {Tix, Regina and Keimel, Klaus and Plotkin, Gordon D.},
	Date-Added = {2018-02-01 20:33:11 +0000},
	Date-Modified = {2020-08-09 15:25:09 -0400},
	Doi = {10.1016/j.entcs.2009.01.002},
	Journal = entcs,
	Month = {February},
	Title = {{Semantic Domains for Combining Probability and Non-Determinism}},
	Volume = {222},
	Year = {2009},
	Bdsk-Url-1 = {https://doi.org/10.1016/j.entcs.2009.01.002}}

@techreport{TR:GMS89,
	Author = {Gunter, Carl A. and Mosses, Peter D. and Scott, Dana S.},
	Date-Added = {2018-02-01 20:32:34 +0000},
	Date-Modified = {2020-08-09 21:52:37 -0400},
	Institution = {University of Pennsylvania Department of Computer and Information Science},
	Title = {{Semantic Domains and Denotational Semantics}},
	Year = {1989}}

@article{JCSS:BKK15,
	Author = {Br{\'a}zdil, Tom{\'a} and Kiefer, Stefan and Ku{\v c}era, Anton{\'i}n and Va{\v r}ekov{\'a}, Ivana Huta{\v r}ov{\'a}},
	Date-Added = {2018-02-01 20:32:07 +0000},
	Date-Modified = {2020-08-12 14:01:30 -0400},
	Doi = {10.1016/j.jcss.2014.06.005},
	Journal = jcss,
	Month = {February},
	Number = {1},
	Title = {{Runtime Analysis of Probabilistic Programs with Unbounded Recursion}},
	Volume = {81},
	Year = {2015},
	Bdsk-Url-1 = {https://doi.org/10.1016/j.jcss.2014.06.005}}

@inproceedings{ICALP:EWY08,
	Author = {Etessami, Kousha and Wojtczak, Dominik and Yannakakis, Mihalis},
	Booktitle = icalp,
	Date-Added = {2018-02-01 20:31:39 +0000},
	Date-Modified = {2020-08-09 16:17:36 -0400},
	Doi = {10.1007/978-3-540-70575-8_58},
	Series = {ICALP'08},
	Title = {{Recursive Stochastic Games with Positive Rewards}},
	Year = {2008},
	Bdsk-Url-1 = {https://doi.org/10.1007/978-3-540-70575-8_58}}

@article{JACM:EY15,
	Author = {Etessami, Kousha and Yannakakis, Mihalis},
	Date-Added = {2018-02-01 20:31:07 +0000},
	Date-Modified = {2020-08-09 16:52:48 -0400},
	Doi = {10.1145/2699431},
	Journal = jacm,
	Month = {May},
	Number = {2},
	Title = {{Recursive Markov Decision Processes and Recursive Stochastic Games}},
	Volume = {62},
	Year = {2015},
	Bdsk-Url-1 = {https://doi.org/10.1145/2699431}}

@inproceedings{STACS:EY05,
	Author = {Etessami, Kousha and Yannakakis, Mihalis},
	Booktitle = stacs,
	Date-Added = {2018-02-01 20:30:41 +0000},
	Date-Modified = {2020-08-09 21:37:11 -0400},
	Doi = {10.1007/978-3-540-31856-9_28},
	Series = {STACS'05},
	Title = {{Recursive Markov Chains, Stochastic Grammars, and Monotone Systems of Nonlinear Equations}},
	Year = {2005},
	Bdsk-Url-1 = {https://doi.org/10.1007/978-3-540-31856-9_28}}

@inproceedings{LICS:OKK16,
	Author = {Olmedo, Federico and Kaminski, Benjamin Lucien and Katoen, Joost-Pieter and Matheja, Christoph},
	Booktitle = lics,
	Date-Added = {2018-02-01 20:29:45 +0000},
	Date-Modified = {2020-08-09 20:11:21 -0400},
	Doi = {10.1145/2933575.2935317},
	Series = {LICS'16},
	Title = {{Reasoning about Recursive Probabilistic Programs}},
	Year = {2016},
	Bdsk-Url-1 = {https://doi.org/10.1145/2933575.2935317}}

@inproceedings{LICS:EKM05,
	Author = {Esparza, Javier and Ku{\v c}era, Anton{\'i}n and Mayr, Richard},
	Booktitle = lics,
	Date-Added = {2018-02-01 20:29:24 +0000},
	Date-Modified = {2020-08-12 14:01:44 -0400},
	Doi = {10.1109/LICS.2005.39},
	Series = {LICS'05},
	Title = {{Quantitative Analysis of Probabilistic Pushdown Automata: Expectations and Variances}},
	Year = {2005},
	Bdsk-Url-1 = {https://doi.org/10.1109/LICS.2005.39}}

@book{book:Billingsley12,
	Author = {Billingsley, Patrick},
	Date-Added = {2018-02-01 20:28:54 +0000},
	Date-Modified = {2020-08-09 14:35:15 -0400},
	Publisher = {John Wiley \& Sons, Inc.},
	Title = {{Probability and Measure}},
	Year = {2012}}

@article{JLC:DHW05,
	Author = {Di Pierro, Alessandra and Hankin, Chris and Wiklicky, Herbert},
	Date-Added = {2018-02-01 20:27:51 +0000},
	Date-Modified = {2020-08-10 11:41:08 -0400},
	Doi = {10.1093/logcom/exi008},
	Journal = jlc,
	Month = {April},
	Number = {2},
	Title = {{Probabilistic $\lambda$-Calculus and Quantitative Program Analysis}},
	Volume = {15},
	Year = {2005},
	Bdsk-Url-1 = {https://doi.org/10.1093/logcom/exi008}}

@inproceedings{POPL:FH15,
	Author = {Ferrer Fioriti, Luis Mar{\'i}a and Hermanns, Holger},
	Booktitle = popl,
	Date-Added = {2018-02-01 20:27:29 +0000},
	Date-Modified = {2020-08-12 14:01:59 -0400},
	Doi = {10.1145/2676726.2677001},
	Series = {POPL'15},
	Title = {{Probabilistic Termination: Soundness, Completeness, and Compositionality}},
	Year = {2015},
	Bdsk-Url-1 = {https://doi.org/10.1145/2676726.2677001}}

@inproceedings{FOSE:GHN14,
	Author = {Gordon, Andrew D. and Henzinger, Thomas A. and Nori, Aditya V. and Rajamani, Sriram K.},
	Booktitle = fose,
	Date-Added = {2018-02-01 20:27:04 +0000},
	Date-Modified = {2020-08-09 16:11:26 -0400},
	Doi = {10.1145/2593882.2593900},
	Series = {FOSE'14},
	Title = {{Probabilistic Programming}},
	Year = {2014},
	Bdsk-Url-1 = {https://doi.org/10.1145/2593882.2593900}}

@inproceedings{CAV:CS13,
	Author = {Chakarov, Aleksandar and Sankaranarayanan, Sriram},
	Booktitle = cav,
	Date-Added = {2018-02-01 20:26:29 +0000},
	Date-Modified = {2020-08-09 15:03:04 -0400},
	Doi = {10.1007/978-3-642-39799-8_34},
	Series = {CAV'13},
	Title = {{Probabilistic Program Analysis with Martingales}},
	Year = {2013},
	Bdsk-Url-1 = {https://doi.org/10.1007/978-3-642-39799-8_34}}

@phdthesis{phd:Jones89,
	Author = {Jones, Claire},
	Date-Added = {2018-02-01 20:25:54 +0000},
	Date-Modified = {2020-08-09 22:36:29 -0400},
	School = {University of Edinburgh},
	Title = {{Probabilistic Nondeterminism}},
	Year = {1989}}

@incollection{kn:JLY01,
	Author = {Jonsson, Bengt and Yi, Wang and Larsen, Kim G.},
	Booktitle = {Handbook of Process Algebra},
	Date-Added = {2018-02-01 20:25:13 +0000},
	Date-Modified = {2020-08-09 17:58:42 -0400},
	Doi = {10.1016/B978-044482830-9/50029-1},
	Publisher = {Elsevier},
	Title = {{Probabilistic Extensions of Process Algebras}},
	Year = {2001},
	Bdsk-Url-1 = {https://doi.org/10.1016/B978-044482830-9/50029-1}}

@inproceedings{ESOP:CM12,
	Author = {Cousot, Patrick and Monerau, Michael},
	Booktitle = esop,
	Date-Added = {2018-02-01 20:24:42 +0000},
	Date-Modified = {2020-08-09 15:31:40 -0400},
	Doi = {10.1007/978-3-642-28869-2_9},
	Series = {ESOP'12},
	Title = {{Probabilistic Abstract Interpretation}},
	Year = {2012},
	Bdsk-Url-1 = {https://doi.org/10.1007/978-3-642-28869-2_9}}

@misc{misc:PReMo17,
	Author = {Wojtczak, Dominik and Etessami, Kousha},
	Date-Added = {2018-02-01 20:24:08 +0000},
	Date-Modified = {2020-08-09 20:29:09 -0400},
	Howpublished = {Available on \url{https://groups.inf.ed.ac.uk/premo}},
	Title = {{PReMo -- Probabilistic Recursive Models analyzer}},
	Year = {2017}}

@inproceedings{ICALP:ESY12,
	Author = {Etessami, Kousha and Stewart, Alistair and Yannakakis, Mihalis},
	Booktitle = icalp,
	Date-Added = {2018-02-01 20:23:02 +0000},
	Date-Modified = {2020-08-09 16:16:31 -0400},
	Doi = {10.1007/978-3-642-31594-7_27},
	Series = {ICALP'12},
	Title = {{Polynomial Time Algorithms for Branching Markov Decision Processes and Probabilistic Min(Max) Polynomial Bellman Equations}},
	Year = {2012},
	Bdsk-Url-1 = {https://doi.org/10.1007/978-3-642-31594-7_27}}

@inproceedings{PLDI:WHR18,
	Author = {Wang, Di and Hoffmann, Jan and Reps, Thomas},
	Booktitle = pldi,
	Date-Added = {2018-02-01 20:22:08 +0000},
	Date-Modified = {2020-08-09 20:54:31 -0400},
	Doi = {10.1145/3192366.3192408},
	Series = {PLDI'18},
	Title = {{PMAF: An Algebraic Framework for Static Analysis of Probabilistic Programs}},
	Year = {2018},
	Bdsk-Url-1 = {https://doi.org/10.1145/3192366.3192408}}

@article{JTCS:MM01,
	Author = {McIver, Annabelle K. and Morgan, Carroll C.},
	Date-Added = {2018-02-01 20:21:00 +0000},
	Date-Modified = {2020-08-09 21:45:22 -0400},
	Doi = {10.1016/S0304-3975(00)00208-5},
	Journal = jtcs,
	Month = {September},
	Number = {1},
	Title = {{Partial correctness for probabilistic demonic programs}},
	Volume = {266},
	Year = {2001},
	Bdsk-Url-1 = {https://doi.org/10.1016/S0304-3975(00)00208-5}}

@inproceedings{ACL:Eisner02,
	Author = {Eisner, Jason},
	Booktitle = acl,
	Date-Added = {2018-02-01 20:20:14 +0000},
	Date-Modified = {2020-08-09 14:29:48 -0400},
	Doi = {10.3115/1073083.1073085},
	Series = {ACL'02},
	Title = {{Parameter Estimation for Probabilistic Finite-State Transducers}},
	Year = {2002},
	Bdsk-Url-1 = {https://doi.org/10.3115/1073083.1073085}}

@article{JAI:Roth96,
	Author = {Roth, Dan},
	Date-Added = {2018-02-01 20:19:13 +0000},
	Date-Modified = {2020-08-09 16:55:08 -0400},
	Doi = {10.1016/0004-3702(94)00092-1},
	Journal = jai,
	Month = {April},
	Number = {1},
	Title = {{On the Hardness of Approximate Reasoning}},
	Volume = {82},
	Year = {1996},
	Bdsk-Url-1 = {https://doi.org/10.1016/0004-3702(94)00092-1}}

@inproceedings{NIPS:WGS11,
	Author = {Wingate, David and Goodman, Noah D. and Stuhlm{\"u}ller, Andreas and Siskind, Jeffrey M.},
	Booktitle = nips,
	Date-Added = {2018-02-01 20:18:52 +0000},
	Date-Modified = {2020-08-09 20:35:30 -0400},
	Series = {NIPS'11},
	Title = {{Nonstandard Interpretations of Probabilistic Programs for Efficient Inference}},
	Url = {https://dl.acm.org/doi/10.5555/2986459.2986588},
	Year = {2011},
	Bdsk-Url-1 = {https://dl.acm.org/doi/10.5555/2986459.2986588}}

@inproceedings{CONCUR:Mislove00,
	Author = {Mislove, Michael W.},
	Booktitle = concur,
	Date-Added = {2018-02-01 20:17:46 +0000},
	Date-Modified = {2020-08-09 19:52:56 -0400},
	Doi = {10.1007/3-540-44618-4_26},
	Series = {CONCUR'00},
	Title = {{Nondeterminism and Probabilistic Choice: Obeying the Laws}},
	Year = {2000},
	Bdsk-Url-1 = {https://doi.org/10.1007/3-540-44618-4_26}}

@article{ENTCS:dHdV99,
	Author = {den Hartog, J. I. and de Vink, Erik P.},
	Date-Added = {2018-02-01 20:17:05 +0000},
	Date-Modified = {2020-08-10 11:54:37 -0400},
	Doi = {10.1016/S1571-0661(05)82521-6},
	Journal = entcs,
	Title = {{Mixing Up Nondeterminism and Probability: a preliminary report}},
	Volume = {22},
	Year = {1999},
	Bdsk-Url-1 = {https://doi.org/10.1016/S1571-0661(05)82521-6}}

@inproceedings{ESOP:BGG11,
	Author = {Borgstr{\"o}m, Johannes and Gordon, Andrew D. and Greenberg, Michael and Margetson, James and Van Gael, Jurgen},
	Booktitle = esop,
	Date-Added = {2018-02-01 20:16:42 +0000},
	Date-Modified = {2020-08-09 15:27:29 -0400},
	Doi = {10.1007/978-3-642-19718-5_5},
	Series = {ESOP'11},
	Title = {{Measure Transformer Semantics for Bayesian Machine Learning}},
	Year = {2011},
	Bdsk-Url-1 = {https://doi.org/10.1007/978-3-642-19718-5_5}}

@article{POPL:EPT18,
	Author = {Ehrhard, Thomas and Pagani, Michele and Tasson, Christine},
	Date-Added = {2018-02-01 20:16:10 +0000},
	Date-Modified = {2020-08-09 21:06:56 -0400},
	Doi = {10.1145/3158147},
	Journal = pacmpl,
	Month = {December},
	Number = {POPL},
	Title = {{Measurable Cones and Stable, Measurable Functions}},
	Volume = {2},
	Year = {2017},
	Bdsk-Url-1 = {https://doi.org/10.1145/3158147}}

@book{book:Puterman94,
	Author = {Puterman, Martin L.},
	Date-Added = {2018-02-01 20:11:48 +0000},
	Date-Modified = {2020-08-09 14:43:58 -0400},
	Publisher = {John Wiley \& Sons, Inc.},
	Title = {{Markov Decision Processes: Discrete Stochastic Dynamic Programming}},
	Url = {https://dl.acm.org/doi/book/10.5555/528623},
	Year = {1994},
	Bdsk-Url-1 = {https://dl.acm.org/doi/book/10.5555/528623}}

@inproceedings{SAS:KMM10,
	Author = {Katoen, Joost-Pieter and McIver, Annabelle K. and Meinicke, Larissa A. and Morgan, Carroll C.},
	Booktitle = sas,
	Date-Added = {2018-02-01 20:11:22 +0000},
	Date-Modified = {2020-08-09 21:31:58 -0400},
	Doi = {10.1007/978-3-642-15769-1_24},
	Series = {SAS'10},
	Title = {{Linear-Invariant Generation for Probabilistic Programs: Automated Support for Proof-Based Methods}},
	Year = {2010},
	Bdsk-Url-1 = {https://doi.org/10.1007/978-3-642-15769-1_24}}

@inproceedings{QEST:KKM16,
	Author = {Kaminski, Benjamin Lucien and Katoen, Joost-Pieter and Matheja, Christoph},
	Booktitle = qest,
	Date-Added = {2018-02-01 20:10:56 +0000},
	Date-Modified = {2020-08-09 21:26:56 -0400},
	Doi = {10.1007/978-3-319-43425-4_14},
	Series = {QEST'16},
	Title = {{Inferring Covariances for Probabilistic Programs}},
	Year = {2016},
	Bdsk-Url-1 = {https://doi.org/10.1007/978-3-319-43425-4_14}}

@misc{misc:INFER14,
	Author = {Website},
	Date-Added = {2018-02-01 20:10:03 +0000},
	Date-Modified = {2020-08-09 20:25:11 -0400},
	Howpublished = {Available on \url{https://www.microsoft.com/en-us/research/project/infernet}},
	Title = {{Infer.NET - Microsoft Research}},
	Year = {2014}}

@inproceedings{QEST:KNP06,
	Author = {Kwiatkowska, Marta and Norman, Gethin and Parker, David},
	Booktitle = qest,
	Date-Added = {2018-02-01 20:08:56 +0000},
	Date-Modified = {2020-08-09 21:29:22 -0400},
	Doi = {10.1109/QEST.2006.19},
	Series = {QEST'06},
	Title = {{Game-based Abstraction for Markov Decision Processes}},
	Year = {2006},
	Bdsk-Url-1 = {https://doi.org/10.1109/QEST.2006.19}}

@inproceedings{ESOP:BGV18,
	Author = {Bichsel, Benjamin and Gehr, Timon and Vechev, Martin},
	Booktitle = esop,
	Date-Added = {2018-02-01 20:08:30 +0000},
	Date-Modified = {2020-08-09 15:28:14 -0400},
	Doi = {10.1007/978-3-319-89884-1_6},
	Series = {ESOP'18},
	Title = {{Fine-Grained Semantics for Probabilistic Programs}},
	Year = {2018},
	Bdsk-Url-1 = {https://doi.org/10.1007/978-3-319-89884-1_6}}

@inproceedings{SAS:CS14,
	Author = {Chakarov, Aleksandar and Sankaranarayanan, Sriram},
	Booktitle = sas,
	Date-Added = {2018-02-01 20:08:05 +0000},
	Date-Modified = {2020-08-09 21:31:11 -0400},
	Doi = {10.1007/978-3-319-10936-7_6},
	Series = {SAS'14},
	Title = {{Expectation Invariants for Probabilistic Program Loops as Fixed Points}},
	Year = {2014},
	Bdsk-Url-1 = {https://doi.org/10.1007/978-3-319-10936-7_6}}

@article{JACM:BKK14,
	Author = {Br{\'a}zdil, Tom{\'a} and Kiefer, Stefan and Ku{\v c}era, Anton{\'i}n},
	Date-Added = {2018-02-01 20:07:27 +0000},
	Date-Modified = {2020-08-12 14:02:15 -0400},
	Doi = {10.1145/2629599},
	Journal = jacm,
	Month = {November},
	Number = {6},
	Title = {{Efficient Analysis of Probabilistic Programs with an Unbounded Counter}},
	Volume = {61},
	Year = {2014},
	Bdsk-Url-1 = {https://doi.org/10.1145/2629599}}

@inproceedings{CSF:MMH11,
	Author = {Mardziel, Piotr and Magill, Stephen and Hicks, Michael and Srivatsa, Mudhakar},
	Booktitle = csf,
	Date-Added = {2018-02-01 20:07:07 +0000},
	Date-Modified = {2020-08-09 22:32:52 -0400},
	Doi = {10.1109/CSF.2011.15},
	Series = {CSF'11},
	Title = {{Dynamic Enforcement of Knowledge-Based Security Policies}},
	Year = {2011},
	Bdsk-Url-1 = {https://doi.org/10.1109/CSF.2011.15}}

@incollection{kn:AJ95,
	Author = {Abramsky, Samson and Jung, Achim},
	Booktitle = {Handbook of Logic in Computer Science (Vol. 3): Semantic Structures},
	Date-Added = {2018-02-01 20:05:57 +0000},
	Date-Modified = {2020-08-09 19:51:23 -0400},
	Publisher = {Oxford University Press, Inc.},
	Title = {{Domain Theory}},
	Url = {https://dl.acm.org/doi/10.5555/218742.218744},
	Year = {1995},
	Bdsk-Url-1 = {https://dl.acm.org/doi/10.5555/218742.218744}}

@article{DAM:GLP93,
	Author = {Gallo, Giorgio and Longo, Giustino and Pallottino, Stefano and Nguyen, Sang},
	Date-Added = {2018-02-01 20:05:24 +0000},
	Date-Modified = {2020-08-09 17:49:04 -0400},
	Doi = {10.1016/0166-218X(93)90045-P},
	Journal = dam,
	Month = {April},
	Number = {2},
	Title = {{Directed Hypergraphs and Applications}},
	Volume = {42},
	Year = {1993},
	Bdsk-Url-1 = {https://doi.org/10.1016/0166-218X(93)90045-P}}

@inproceedings{CAV:CHW15,
	Author = {Chen, Yu-Fang and Hong, Chih-Duo and Wang, Bow-Yaw and Zhang, Lijun},
	Booktitle = cav,
	Date-Added = {2018-02-01 20:04:56 +0000},
	Date-Modified = {2020-08-09 04:38:59 -0400},
	Doi = {10.1007/978-3-319-21690-4_44},
	Series = {CAV'15},
	Title = {{Counterexample-Guided Polynomial Loop Invariant Generation by Lagrange Interpolation}},
	Year = {2015},
	Bdsk-Url-1 = {https://doi.org/10.1007/978-3-319-21690-4_44}}

@article{ENTCS:JKK15,
	Author = {Jansen, Nils and Kaminski, Benjamin Lucien and Katoen, Joost-Pieter and Olmedo, Federico and Gretz, Friedrich and McIver, Annabelle K.},
	Date-Added = {2018-02-01 20:04:22 +0000},
	Date-Modified = {2020-08-09 21:32:18 -0400},
	Doi = {10.1016/j.entcs.2015.12.013},
	Journal = entcs,
	Month = {December},
	Title = {{Conditioning in Probabilistic Programming}},
	Volume = {319},
	Year = {2015},
	Bdsk-Url-1 = {https://doi.org/10.1016/j.entcs.2015.12.013}}

@inproceedings{ESOP:Staton17,
	Author = {Staton, Sam},
	Booktitle = esop,
	Date-Added = {2018-02-01 20:03:59 +0000},
	Date-Modified = {2020-08-09 04:25:15 -0400},
	Doi = {10.1007/978-3-662-54434-1_32},
	Series = {ESOP'17},
	Title = {{Commutative Semantics for Probabilistic Programming}},
	Year = {2017},
	Bdsk-Url-1 = {https://doi.org/10.1007/978-3-662-54434-1_32}}

@inproceedings{UAI:GMR08,
	Author = {Goodman, Noah D. and Mansinghka, Vikash K. and Roy, Daniel and Bonawitz, Keith and Tenenbaum, Joshua B.},
	Booktitle = uai,
	Date-Added = {2018-02-01 20:03:10 +0000},
	Date-Modified = {2020-08-09 21:57:18 -0400},
	Series = {UAI'08},
	Title = {{Church: A language for generative models}},
	Url = {https://dl.acm.org/doi/10.5555/3023476.3023503},
	Year = {2008},
	Bdsk-Url-1 = {https://dl.acm.org/doi/10.5555/3023476.3023503}}

@inproceedings{POPL:SKF17,
	Author = {Smolka, Steffen and Kumar, Praveen and Foster, Nate and Kozen, Dexter and Silva, Alexandra},
	Booktitle = popl,
	Date-Added = {2018-02-01 20:02:38 +0000},
	Date-Modified = {2020-08-09 04:16:48 -0400},
	Doi = {10.1145/3009837.3009843},
	Series = {POPL'17},
	Title = {{Cantor meets Scott: Semantic Foundations for Probabilistic Networks}},
	Year = {2017},
	Bdsk-Url-1 = {https://doi.org/10.1145/3009837.3009843}}

@inproceedings{ATVA:JDK16,
	Author = {Jansen, Nils and Dehnert, Christian and Kaminski, Benjamin Lucien and Katoen, Joost-Pieter and Westhofen, Lukas},
	Booktitle = atva,
	Date-Added = {2018-02-01 20:01:06 +0000},
	Date-Modified = {2020-08-09 04:14:30 -0400},
	Doi = {10.1007/978-3-319-46520-3_5},
	Series = {ATVA'16},
	Title = {{Bounded Model Checking for Probabilistic Programs}},
	Year = {2016},
	Bdsk-Url-1 = {https://doi.org/10.1007/978-3-319-46520-3_5}}

@inproceedings{IJCAI:MMR05,
	Author = {Milch, Brian and Marthi, Bhaskara and Russell, Stuart and Sontag, David and Ong, Daniel L. and Kolobov, Andrey},
	Booktitle = ijcai,
	Date-Added = {2018-02-01 19:59:54 +0000},
	Date-Modified = {2020-08-09 04:10:39 -0400},
	Series = {IJCAI'05},
	Title = {{BLOG: Probabilistic Models with Unknown Objects}},
	Url = {https://dl.acm.org/doi/10.5555/1642293.1642508},
	Year = {2005},
	Bdsk-Url-1 = {https://dl.acm.org/doi/10.5555/1642293.1642508}}

@inproceedings{FSE:CRN13,
	Author = {Claret, Guillaume and Rajamani, Sriram K. and Nori, Aditya V. and Gordon, Andrew D. and Borgstr{\"o}m, Johannes},
	Booktitle = fse,
	Date-Added = {2018-02-01 19:59:00 +0000},
	Date-Modified = {2020-08-09 04:03:13 -0400},
	Doi = {10.1145/2491411.2491423},
	Series = {FSE'13},
	Title = {{Bayesian Inference using Data Flow Analysis}},
	Year = {2013},
	Bdsk-Url-1 = {https://doi.org/10.1145/2491411.2491423}}

@inproceedings{ESOP:Monniaux01,
	Author = {Monniaux, David},
	Booktitle = esop,
	Date-Added = {2018-02-01 19:58:05 +0000},
	Date-Modified = {2020-08-09 04:01:10 -0400},
	Doi = {10.1007/3-540-45309-1_24},
	Series = {ESOP'01},
	Title = {{Backwards Abstract Interpretation of Probabilistic Programs}},
	Year = {2001},
	Bdsk-Url-1 = {https://doi.org/10.1007/3-540-45309-1_24}}

@article{ENTCS:MOW04,
	Author = {Mislove, Michael W. and Ouaknine, Jo{\"e}l and Worrell, James},
	Date-Added = {2018-02-01 19:56:58 +0000},
	Date-Modified = {2020-08-09 17:52:49 -0400},
	Doi = {10.1016/j.entcs.2004.04.019},
	Journal = entcs,
	Month = {June},
	Title = {{Axioms for Probability and Nondeterminism}},
	Volume = {96},
	Year = {2004},
	Bdsk-Url-1 = {https://doi.org/10.1016/j.entcs.2004.04.019}}

@inproceedings{SFM:FKN11,
	Author = {Forejt, Vojt{\v e}ch and Kwiatkowska, Marta and Norman, Gethin and Parker, David},
	Booktitle = sfm,
	Date-Added = {2018-02-01 19:55:43 +0000},
	Date-Modified = {2020-08-09 17:42:42 -0400},
	Doi = {10.1007/978-3-642-21455-4_3},
	Series = {SFM'11},
	Title = {{Automated Verification Techniques for Probabilistic Systems}},
	Year = {2011},
	Bdsk-Url-1 = {https://doi.org/10.1007/978-3-642-21455-4_3}}

@inproceedings{CAV:CFM17,
	Author = {Chatterjee, Krishnendu and Fu, Hongfei and Murhekar, Aniket},
	Booktitle = cav,
	Date-Added = {2018-02-01 19:55:18 +0000},
	Date-Modified = {2020-08-09 03:37:22 -0400},
	Doi = {10.1007/978-3-319-63387-9_6},
	Series = {CAV'17},
	Title = {{Automated Recurrence Analysis for Almost-Linear Expected-Runtime Bounds}},
	Year = {2017},
	Bdsk-Url-1 = {https://doi.org/10.1007/978-3-319-63387-9_6}}

@inproceedings{FOCS:BEK05,
	Author = {Br{\'a}zdil, Tom{\'a} and Esparza, Javier and Ku{\v c}era, Anton{\'i}n},
	Booktitle = focs,
	Date-Added = {2018-02-01 19:53:47 +0000},
	Date-Modified = {2020-08-12 14:02:25 -0400},
	Doi = {10.1109/SFCS.2005.19},
	Series = {FOCS'05},
	Title = {{Analysis and Prediction of the Long-Run Behavior of Probabilistic Sequential Programs with Recursion}},
	Year = {2005},
	Bdsk-Url-1 = {https://doi.org/10.1109/SFCS.2005.19}}

@inproceedings{POPL:Monniaux01,
	Author = {Monniaux, David},
	Booktitle = popl,
	Date-Added = {2018-02-01 19:53:13 +0000},
	Date-Modified = {2020-08-09 03:06:18 -0400},
	Doi = {10.1145/360204.360211},
	Series = {POPL'01},
	Title = {{An Abstract Monte-Carlo Method for the Analysis of Probabilistic Programs}},
	Year = {2001},
	Bdsk-Url-1 = {https://doi.org/10.1145/360204.360211}}

@inproceedings{POPL:CFN16,
	Author = {Chatterjee, Krishnendu and Fu, Hongfei and Novotn{\'y}, Petr and Hasheminezhad, Rouzbeh},
	Booktitle = popl,
	Date-Added = {2018-02-01 19:52:38 +0000},
	Date-Modified = {2020-08-09 02:48:03 -0400},
	Doi = {10.1145/2837614.2837639},
	Series = {POPL'16},
	Title = {{Algorithmic Analysis of Qualitative and Quantitative Termination Problems for Affine Probabilistic Programs}},
	Year = {2016},
	Bdsk-Url-1 = {https://doi.org/10.1145/2837614.2837639}}

@article{FMSD:BFG97,
	Author = {Bahar, R. I. and Frohm, E. A. and Gaona, C. M. and Hachtel, G. D. and Macii, E. and Pardo, A. and Somenzi, F.},
	Date-Added = {2018-02-01 19:51:00 +0000},
	Date-Modified = {2020-08-09 17:14:07 -0400},
	Doi = {10.1023/A:1008699807402},
	Journal = fmsd,
	Month = {April},
	Number = {2},
	Title = {{Algebraic Decision Diagrams and their Applications}},
	Volume = {10},
	Year = {1997},
	Bdsk-Url-1 = {https://doi.org/10.1023/A:1008699807402}}

@inproceedings{VMCAI:KKN09,
	Author = {Kattenbelt, Mark and Kwiatkowska, Marta and Norman, Gethin and Parker, David},
	Booktitle = vmcai,
	Date-Added = {2018-02-01 19:50:17 +0000},
	Date-Modified = {2020-08-09 02:39:27 -0400},
	Doi = {10.1007/978-3-540-93900-9_17},
	Series = {VMCAI'09},
	Title = {{Abstraction Refinement for Probabilistic Software}},
	Year = {2009},
	Bdsk-Url-1 = {https://doi.org/10.1007/978-3-540-93900-9_17}}

@book{book:MM05,
	Author = {McIver, Annabelle K. and Morgan, Carroll C.},
	Date-Added = {2018-02-01 19:49:10 +0000},
	Date-Modified = {2020-08-09 21:32:12 -0400},
	Doi = {10.1007/b138392},
	Publisher = {Springer Science+Business Media, Inc.},
	Title = {{Abstraction, Refinement and Proof for Probabilistic Systems}},
	Year = {2005},
	Bdsk-Url-1 = {https://doi.org/10.1007/b138392}}

@inproceedings{SAS:Monniaux03,
	Author = {Monniaux, David},
	Booktitle = sas,
	Date-Added = {2018-02-01 19:48:31 +0000},
	Date-Modified = {2020-08-09 02:34:53 -0400},
	Doi = {10.1007/3-540-44898-5_13},
	Series = {SAS'03},
	Title = {{Abstract Interpretation of Programs as Markov Decision Processes}},
	Year = {2003},
	Bdsk-Url-1 = {https://doi.org/10.1007/3-540-44898-5_13}}

@inproceedings{SAS:Monniaux00,
	Author = {Monniaux, David},
	Booktitle = sas,
	Date-Added = {2018-02-01 19:48:01 +0000},
	Date-Modified = {2020-08-09 02:33:48 -0400},
	Doi = {10.1007/978-3-540-45099-3_17},
	Series = {SAS'00},
	Title = {{Abstract Interpretation of Probabilistic Semantics}},
	Year = {2000},
	Bdsk-Url-1 = {https://doi.org/10.1007/978-3-540-45099-3_17}}

@inproceedings{LICS:JP89,
	Author = {Jones, Claire and Plotkin, Gordon D.},
	Booktitle = lics,
	Date-Added = {2018-02-01 19:47:08 +0000},
	Date-Modified = {2020-08-09 20:42:27 -0400},
	Doi = {10.1109/LICS.1989.39173},
	Series = {LICS'89},
	Title = {{A Probabilistic Powerdomain of Evaluations}},
	Year = {1989},
	Bdsk-Url-1 = {https://doi.org/10.1109/LICS.1989.39173}}

@article{JCSS:Kozen85,
	Author = {Kozen, Dexter},
	Date-Added = {2018-02-01 19:46:17 +0000},
	Date-Modified = {2020-08-06 02:58:37 -0400},
	Doi = {10.1016/0022-0000(85)90012-1},
	Journal = jcss,
	Month = {April},
	Number = {2},
	Title = {{A Probabilistic PDL}},
	Volume = {30},
	Year = {1985},
	Bdsk-Url-1 = {https://doi.org/10.1016/0022-0000(85)90012-1}}

@inproceedings{POPL:GAB13,
	Author = {Gordon, Andrew D. and Aizatulin, Mihhail and Borgstr{\"o}m, Johannes and Claret, Guillaume and Graepel, Thore and Nori, Aditya V. and Rajamani, Sriram K. and Russo, Claudio},
	Booktitle = popl,
	Date-Added = {2018-02-01 19:42:48 +0000},
	Date-Modified = {2020-08-06 02:57:22 -0400},
	Doi = {10.1145/2429069.2429119},
	Series = {POPL'13},
	Title = {{A Model-Learner Pattern for Bayesian Reasoning}},
	Year = {2013},
	Bdsk-Url-1 = {https://doi.org/10.1145/2429069.2429119}}

@article{JMM:Bellman57,
	Author = {Bellman, Richard},
	Date-Added = {2018-02-01 19:41:32 +0000},
	Date-Modified = {2020-08-09 17:12:26 -0400},
	Journal = jmm,
	Number = {5},
	Title = {{A Markovian Decision Process}},
	Url = {https://www.jstor.org/stable/24900506},
	Volume = {6},
	Year = {1957},
	Bdsk-Url-1 = {https://www.jstor.org/stable/24900506}}

@inproceedings{ICFP:BDG16,
	Author = {Borgstr{\"o}m, Johannes and Lago, Ugo Dal and Gordon, Andrew D. and Szymczak, Marcin},
	Booktitle = icfp,
	Date-Added = {2018-02-01 19:40:29 +0000},
	Date-Modified = {2020-08-10 11:39:05 -0400},
	Doi = {10.1145/2951913.2951942},
	Series = {ICFP'16},
	Title = {{A Lambda-Calculus Foundation for Universal Probabilistic Programming}},
	Year = {2016},
	Bdsk-Url-1 = {https://doi.org/10.1145/2951913.2951942}}

@inproceedings{LICS:HKS17,
	Author = {Heunen, Chris and Kammar, Ohad and Staton, Sam and Yang, Hongseok},
	Booktitle = lics,
	Date-Added = {2018-02-01 19:36:17 +0000},
	Date-Modified = {2020-08-09 04:43:33 -0400},
	Doi = {10.1109/LICS.2017.8005137},
	Series = {LICS'17},
	Title = {{A Convenient Category for Higher-Order Probability Theory}},
	Year = {2017},
	Bdsk-Url-1 = {https://dl.acm.org/doi/10.5555/3329995.3330072},
	Bdsk-Url-2 = {https://doi.org/10.1109/LICS.2017.8005137}}
